<?xml version="1.0" encoding="UTF-8"?>
<Document xmlns="urn:iso:std:iso:20022:tech:xsd:camt.053.001.04" xmlns:xsi="http://www.w3.org/2001/XMLSchema-instance" xsi:schemaLocation="urn:iso:std:iso:20022:tech:xsd:camt.053.001.04 camt.053.001.04.xsd"><BkToCstmrStmt><GrpHdr><MsgId>20221115375204976930299</MsgId><CreDtTm>2022-11-16T01:34:41</CreDtTm><MsgPgntn><PgNb>1</PgNb><LastPgInd>true</LastPgInd></MsgPgntn><AddtlInf>SPS/1.7/PROD</AddtlInf></GrpHdr><Stmt><Id>20221115375204976930321</Id><ElctrncSeqNb>224</ElctrncSeqNb><CreDtTm>2022-11-16T01:34:41</CreDtTm><FrToDt><FrDtTm>2022-11-15T00:00:00</FrDtTm><ToDtTm>2022-11-15T23:59:59</ToDtTm></FrToDt><Acct><Id><IBAN>CH9209000000414939852</IBAN></Id><Ownr><Nm>eversmart products Handels GmbH Pfäffikon SZ</Nm></Ownr></Acct><Bal><Tp><CdOrPrtry><Cd>OPBD</Cd></CdOrPrtry></Tp><Amt Ccy="CHF">2649.81</Amt><CdtDbtInd>CRDT</CdtDbtInd><Dt><Dt>2022-11-15</Dt></Dt></Bal><Bal><Tp><CdOrPrtry><Cd>CLBD</Cd></CdOrPrtry></Tp><Amt Ccy="CHF">3613.26</Amt><CdtDbtInd>CRDT</CdtDbtInd><Dt><Dt>2022-11-15</Dt></Dt></Bal><Bal><Tp><CdOrPrtry><Cd>CLAV</Cd></CdOrPrtry></Tp><Amt Ccy="CHF">3613.26</Amt><CdtDbtInd>CRDT</CdtDbtInd><Dt><Dt>2022-11-15</Dt></Dt></Bal><Ntry><NtryRef>CH9209000000414939852</NtryRef><Amt Ccy="CHF">2122.33</Amt><CdtDbtInd>CRDT</CdtDbtInd><RvslInd>false</RvslInd><Sts>BOOK</Sts><BookgDt><Dt>2022-11-15</Dt></BookgDt><ValDt><Dt>2022-11-15</Dt></ValDt><AcctSvcrRef>319220009GKW7LWK</AcctSvcrRef><BkTxCd><Domn><Cd>PMNT</Cd><Fmly><Cd>RCDT</Cd><SubFmlyCd>AUTT</SubFmlyCd></Fmly></Domn></BkTxCd><NtryDtls><Btch><NbOfTxs>1</NbOfTxs></Btch><TxDtls><Refs><MsgId>TWINT20221111-101-Merchant</MsgId><AcctSvcrRef>221112CH09GKW7LW</AcctSvcrRef><PmtInfId>TWINT20221111-101-Merchant-B1</PmtInfId><InstrId>1a11924f870f4c588b117e01be4a229c</InstrId><EndToEndId>TWINT20221111-101-Merchant-B1</EndToEndId><Prtry><Tp>00</Tp><Ref>221112CH09GKW7LW</Ref></Prtry></Refs><Amt Ccy="CHF">2122.33</Amt><CdtDbtInd>CRDT</CdtDbtInd><BkTxCd><Domn><Cd>PMNT</Cd><Fmly><Cd>RCDT</Cd><SubFmlyCd>AUTT</SubFmlyCd></Fmly></Domn></BkTxCd><RltdPties><Dbtr><Nm>TWINT Acquiring AG</Nm><PstlAdr><StrtNm>Stauffacherstrasse</StrtNm><BldgNb>41</BldgNb><PstCd>8004</PstCd><TwnNm>Zürich</TwnNm><Ctry>CH</Ctry></PstlAdr></Dbtr><DbtrAcct><Id><IBAN>CH6609000000313087410</IBAN></Id></DbtrAcct><CdtrAcct><Id><IBAN>CH9209000000414939852</IBAN></Id></CdtrAcct></RltdPties><RltdAgts><DbtrAgt><FinInstnId><BICFI>POFICHBEXXX</BICFI><Nm>POSTFINANCE AG</Nm><PstlAdr><AdrLine>MINGERSTRASSE 20</AdrLine><AdrLine>3030 BERN</AdrLine></PstlAdr></FinInstnId></DbtrAgt></RltdAgts><RmtInf><Ustrd>999999 TWINT TWINT Auszahlungen Pay</Ustrd><Ustrd>out 20221112                       </Ustrd><Ustrd>   Gross: 2150.30 Fees: -27.97</Ustrd><Strd><AddtlRmtInf>?REJECT?000</AddtlRmtInf><AddtlRmtInf>?ERROR?000</AddtlRmtInf></Strd></RmtInf><RltdDts><AccptncDtTm>2022-11-14T20:00:00</AccptncDtTm></RltdDts></TxDtls></NtryDtls><AddtlNtryInf>GUTSCHRIFT CH6609000000313087410 ABSENDER: TWINT ACQUIRING AG STAUFFACHERSTRASSE 41 8004 ZÜRICH MITTEILUNGEN: 999999 TWINT TWINT AUSZAHLUNGEN PAY OUT 20221112                           GROSS: 2150.30 FEES: -27.97 REFERENZEN: TWINT20221111-101-MERCHANT-B1</AddtlNtryInf></Ntry><Ntry><NtryRef>CH9209000000414939852</NtryRef><Amt Ccy="CHF">2109.89</Amt><CdtDbtInd>CRDT</CdtDbtInd><RvslInd>false</RvslInd><Sts>BOOK</Sts><BookgDt><Dt>2022-11-15</Dt></BookgDt><ValDt><Dt>2022-11-15</Dt></ValDt><AcctSvcrRef>319220109GVAS6ZK</AcctSvcrRef><BkTxCd><Domn><Cd>PMNT</Cd><Fmly><Cd>RCDT</Cd><SubFmlyCd>ATXN</SubFmlyCd></Fmly></Domn></BkTxCd><NtryDtls><Btch><NbOfTxs>1</NbOfTxs></Btch><TxDtls><Refs><AcctSvcrRef>221115CH09GVAS6Z</AcctSvcrRef><InstrId>LON03260951995</InstrId><EndToEndId>NOTPROVIDED</EndToEndId><Prtry><Tp>00</Tp><Ref>221115CH09GVAS6Z</Ref></Prtry></Refs><Amt Ccy="CHF">2109.89</Amt><CdtDbtInd>CRDT</CdtDbtInd><BkTxCd><Domn><Cd>PMNT</Cd><Fmly><Cd>RCDT</Cd><SubFmlyCd>ATXN</SubFmlyCd></Fmly></Domn></BkTxCd><RltdPties><Dbtr><Nm>STRIPE PAYMENTS UK LTD</Nm><PstlAdr><AdrLine>9TH FLOOR, 107 CHEAPSIDE GB - LONDO</AdrLine><AdrLine>N EC2V 6DN</AdrLine></PstlAdr></Dbtr><DbtrAcct><Id><IBAN>DK6289000000010375</IBAN></Id></DbtrAcct><CdtrAcct><Id><IBAN>CH9209000000414939852</IBAN></Id></CdtrAcct></RltdPties><RltdAgts><DbtrAgt><FinInstnId><BICFI>CITIGB2LXXX</BICFI><Nm>CITIBANK N.A.</Nm><PstlAdr><AdrLine>CITIBANK CENTRE25 CANADA SQUARE</AdrLine><AdrLine>E14 5LB LONDON</AdrLine></PstlAdr></FinInstnId></DbtrAgt></RltdAgts><RmtInf><Ustrd>STRIPE Q2D6E0</Ustrd><Strd><AddtlRmtInf>?REJECT?000</AddtlRmtInf><AddtlRmtInf>?ERROR?000</AddtlRmtInf></Strd></RmtInf><RltdDts><AccptncDtTm>2022-11-15T20:00:00</AccptncDtTm></RltdDts></TxDtls></NtryDtls><AddtlNtryInf>GUTSCHRIFT AUFTRAGGEBER: STRIPE PAYMENTS UK LTD 9TH FLOOR, 107 CHEAPSIDE GB - LONDO N EC2V 6DN MITTEILUNGEN: STRIPE Q2D6E0 SPESENBETRAG 0.00 CHF SHA REFERENZEN: NOTPROVIDED LON03260951995 221115CH09GVAS6Z</AddtlNtryInf></Ntry><Ntry><Amt Ccy="CHF">8000.00</Amt><CdtDbtInd>DBIT</CdtDbtInd><RvslInd>false</RvslInd><Sts>BOOK</Sts><BookgDt><Dt>2022-11-15</Dt></BookgDt><ValDt><Dt>2022-11-15</Dt></ValDt><AcctSvcrRef>319220009GC6POWK</AcctSvcrRef><BkTxCd><Domn><Cd>PMNT</Cd><Fmly><Cd>ICDT</Cd><SubFmlyCd>XBCT</SubFmlyCd></Fmly></Domn></BkTxCd><NtryDtls><TxDtls><Refs><AcctSvcrRef>25-694488022-1</AcctSvcrRef><PmtInfId>25:694488022</PmtInfId></Refs><Amt Ccy="CHF">8000.00</Amt><CdtDbtInd>DBIT</CdtDbtInd><BkTxCd><Domn><Cd>PMNT</Cd><Fmly><Cd>ICDT</Cd><SubFmlyCd>XBCT</SubFmlyCd></Fmly></Domn></BkTxCd><RltdPties><Cdtr><Nm>ZUM WEB MA</Nm><PstlAdr><StrtNm>Bureau 4 N 591 Rte de Safi Lot Al</StrtNm><PstCd>40000</PstCd><TwnNm>Marrakech</TwnNm><Ctry>MA</Ctry></PstlAdr></Cdtr><CdtrAcct><Id><Othr><Id>MA64011450000005210000887273</Id></Othr></Id></CdtrAcct></RltdPties><RltdAgts><CdtrAgt><FinInstnId><BICFI>BMCEMAMCXXX</BICFI><Nm>BANK OF AFRICA</Nm><PstlAdr><Ctry>MA</Ctry><AdrLine>140 AVENUE HASSAN II 20000 CASABLANCA</AdrLine></PstlAdr></FinInstnId></CdtrAgt></RltdAgts></TxDtls></NtryDtls><AddtlNtryInf>GIRO INTERNATIONAL BANK OF AFRICA 140 AVENUE HASSAN II 20000 CASABLANCA MA64011450000005210000887273 ZUM WEB MA BUREAU 4 N 591 RTE DE SAFI LOT AL 40000 MARRAKECH SENDER REFERENZ: ZUM WEB / RE 2211, 08/11/2022</AddtlNtryInf></Ntry><Ntry><NtryRef>CH9209000000414939852</NtryRef><Amt Ccy="CHF">4811.82</Amt><CdtDbtInd>CRDT</CdtDbtInd><RvslInd>false</RvslInd><Sts>BOOK</Sts><BookgDt><Dt>2022-11-15</Dt></BookgDt><ValDt><Dt>2022-11-15</Dt></ValDt><AcctSvcrRef>319220009GM4RWZK</AcctSvcrRef><BkTxCd><Domn><Cd>PMNT</Cd><Fmly><Cd>RCDT</Cd><SubFmlyCd>AUTT</SubFmlyCd></Fmly></Domn></BkTxCd><NtryDtls><Btch><NbOfTxs>1</NbOfTxs></Btch><TxDtls><Refs><MsgId>TWINT20221112-101-Merchant</MsgId><AcctSvcrRef>221113CH09GM4RWZ</AcctSvcrRef><PmtInfId>TWINT20221112-101-Merchant-B1</PmtInfId><InstrId>be9cf99b5c324de5a21643cd6cee2474</InstrId><EndToEndId>TWINT20221112-101-Merchant-B1</EndToEndId><Prtry><Tp>00</Tp><Ref>221113CH09GM4RWZ</Ref></Prtry></Refs><Amt Ccy="CHF">4811.82</Amt><CdtDbtInd>CRDT</CdtDbtInd><BkTxCd><Domn><Cd>PMNT</Cd><Fmly><Cd>RCDT</Cd><SubFmlyCd>AUTT</SubFmlyCd></Fmly></Domn></BkTxCd><RltdPties><Dbtr><Nm>TWINT Acquiring AG</Nm><PstlAdr><StrtNm>Stauffacherstrasse</StrtNm><BldgNb>41</BldgNb><PstCd>8004</PstCd><TwnNm>Zürich</TwnNm><Ctry>CH</Ctry></PstlAdr></Dbtr><DbtrAcct><Id><IBAN>CH6609000000313087410</IBAN></Id></DbtrAcct><CdtrAcct><Id><IBAN>CH9209000000414939852</IBAN></Id></CdtrAcct></RltdPties><RltdAgts><DbtrAgt><FinInstnId><BICFI>POFICHBEXXX</BICFI><Nm>POSTFINANCE AG</Nm><PstlAdr><AdrLine>MINGERSTRASSE 20</AdrLine><AdrLine>3030 BERN</AdrLine></PstlAdr></FinInstnId></DbtrAgt></RltdAgts><RmtInf><Ustrd>999999 TWINT TWINT Auszahlungen Pay</Ustrd><Ustrd>out 20221113                       </Ustrd><Ustrd>   Gross: 4875.22 Fees: -63.40</Ustrd><Strd><AddtlRmtInf>?REJECT?000</AddtlRmtInf><AddtlRmtInf>?ERROR?000</AddtlRmtInf></Strd></RmtInf><RltdDts><AccptncDtTm>2022-11-14T20:00:00</AccptncDtTm></RltdDts></TxDtls></NtryDtls><AddtlNtryInf>GUTSCHRIFT CH6609000000313087410 ABSENDER: TWINT ACQUIRING AG STAUFFACHERSTRASSE 41 8004 ZÜRICH MITTEILUNGEN: 999999 TWINT TWINT AUSZAHLUNGEN PAY OUT 20221113                           GROSS: 4875.22 FEES: -63.40 REFERENZEN: TWINT20221112-101-MERCHANT-B1</AddtlNtryInf></Ntry><Ntry><NtryRef>CH9209000000414939852</NtryRef><Amt Ccy="CHF">1143.16</Amt><CdtDbtInd>CRDT</CdtDbtInd><RvslInd>false</RvslInd><Sts>BOOK</Sts><BookgDt><Dt>2022-11-15</Dt></BookgDt><ValDt><Dt>2022-11-15</Dt></ValDt><AcctSvcrRef>319220009GO5T3KK</AcctSvcrRef><BkTxCd><Domn><Cd>PMNT</Cd><Fmly><Cd>RCDT</Cd><SubFmlyCd>AUTT</SubFmlyCd></Fmly></Domn></BkTxCd><NtryDtls><Btch><NbOfTxs>1</NbOfTxs></Btch><TxDtls><Refs><MsgId>TWINT20221113-101-Merchant</MsgId><AcctSvcrRef>221114CH09GO5T3K</AcctSvcrRef><PmtInfId>TWINT20221113-101-Merchant-B1</PmtInfId><InstrId>3667a106880e48d2935fd328ede41909</InstrId><EndToEndId>TWINT20221113-101-Merchant-B1</EndToEndId><Prtry><Tp>00</Tp><Ref>221114CH09GO5T3K</Ref></Prtry></Refs><Amt Ccy="CHF">1143.16</Amt><CdtDbtInd>CRDT</CdtDbtInd><BkTxCd><Domn><Cd>PMNT</Cd><Fmly><Cd>RCDT</Cd><SubFmlyCd>AUTT</SubFmlyCd></Fmly></Domn></BkTxCd><RltdPties><Dbtr><Nm>TWINT Acquiring AG</Nm><PstlAdr><StrtNm>Stauffacherstrasse</StrtNm><BldgNb>41</BldgNb><PstCd>8004</PstCd><TwnNm>Zürich</TwnNm><Ctry>CH</Ctry></PstlAdr></Dbtr><DbtrAcct><Id><IBAN>CH6609000000313087410</IBAN></Id></DbtrAcct><CdtrAcct><Id><IBAN>CH9209000000414939852</IBAN></Id></CdtrAcct></RltdPties><RltdAgts><DbtrAgt><FinInstnId><BICFI>POFICHBEXXX</BICFI><Nm>POSTFINANCE AG</Nm><PstlAdr><AdrLine>MINGERSTRASSE 20</AdrLine><AdrLine>3030 BERN</AdrLine></PstlAdr></FinInstnId></DbtrAgt></RltdAgts><RmtInf><Ustrd>999999 TWINT TWINT Auszahlungen Pay</Ustrd><Ustrd>out 20221114                       </Ustrd><Ustrd>   Gross: 1158.25 Fees: -15.09</Ustrd><Strd><AddtlRmtInf>?REJECT?000</AddtlRmtInf><AddtlRmtInf>?ERROR?000</AddtlRmtInf></Strd></RmtInf><RltdDts><AccptncDtTm>2022-11-15T20:00:00</AccptncDtTm></RltdDts></TxDtls></NtryDtls><AddtlNtryInf>GUTSCHRIFT CH6609000000313087410 ABSENDER: TWINT ACQUIRING AG STAUFFACHERSTRASSE 41 8004 ZÜRICH MITTEILUNGEN: 999999 TWINT TWINT AUSZAHLUNGEN PAY OUT 20221114                           GROSS: 1158.25 FEES: -15.09 REFERENZEN: TWINT20221113-101-MERCHANT-B1</AddtlNtryInf></Ntry><Ntry><NtryRef>CH9209000000414939852</NtryRef><Amt Ccy="CHF">958.00</Amt><CdtDbtInd>CRDT</CdtDbtInd><RvslInd>false</RvslInd><Sts>BOOK</Sts><BookgDt><Dt>2022-11-15</Dt></BookgDt><ValDt><Dt>2022-11-15</Dt></ValDt><AcctSvcrRef>319220109GVVQZBK</AcctSvcrRef><BkTxCd><Domn><Cd>PMNT</Cd><Fmly><Cd>RCDT</Cd><SubFmlyCd>ATXN</SubFmlyCd></Fmly></Domn></BkTxCd><NtryDtls><Btch><NbOfTxs>1</NbOfTxs></Btch><TxDtls><Refs><AcctSvcrRef>221115CH09GVVQZB</AcctSvcrRef><InstrId>571642592322319E</InstrId><EndToEndId>EndToEndId-15112022-090034227-001</EndToEndId><Prtry><Tp>00</Tp><Ref>221115CH09GVVQZB</Ref></Prtry></Refs><Amt Ccy="CHF">958.00</Amt><CdtDbtInd>CRDT</CdtDbtInd><BkTxCd><Domn><Cd>PMNT</Cd><Fmly><Cd>RCDT</Cd><SubFmlyCd>ATXN</SubFmlyCd></Fmly></Domn></BkTxCd><RltdPties><Dbtr><Nm>STOLL PRODUCTION SA</Nm><PstlAdr><StrtNm>RUE DES UTTINS</StrtNm><BldgNb>35</BldgNb><PstCd>1400</PstCd><TwnNm>YVERDON-LES-BAINS</TwnNm><Ctry>CH</Ctry></PstlAdr></Dbtr><DbtrAcct><Id><IBAN>CH6700767000S03045922</IBAN></Id></DbtrAcct><CdtrAcct><Id><IBAN>CH9209000000414939852</IBAN></Id></CdtrAcct></RltdPties><RltdAgts><DbtrAgt><FinInstnId><ClrSysMmbId><MmbId>767</MmbId></ClrSysMmbId><Nm>Banque Cantonale Vaudoise</Nm><PstlAdr><AdrLine>St-François</AdrLine><AdrLine>1001 Lausanne</AdrLine></PstlAdr></FinInstnId></DbtrAgt></RltdAgts><RmtInf><Ustrd>RE-95541</Ustrd><Strd><AddtlRmtInf>?REJECT?000</AddtlRmtInf><AddtlRmtInf>?ERROR?000</AddtlRmtInf></Strd></RmtInf><RltdDts><AccptncDtTm>2022-11-15T20:00:00</AccptncDtTm></RltdDts></TxDtls></NtryDtls><AddtlNtryInf>GUTSCHRIFT AUFTRAGGEBER: STOLL PRODUCTION SA RUE DES UTTINS 35 1400 YVERDON-LES-BAINS MITTEILUNGEN: RE-95541 REFERENZEN: ENDTOENDID-15112022-090034227-001 571642592322319E 221115CH09GVVQZB</AddtlNtryInf></Ntry><Ntry><Amt Ccy="CHF">5935.20</Amt><CdtDbtInd>DBIT</CdtDbtInd><RvslInd>false</RvslInd><Sts>BOOK</Sts><BookgDt><Dt>2022-11-15</Dt></BookgDt><ValDt><Dt>2022-11-15</Dt></ValDt><AcctSvcrRef>319220009GUHQBXK</AcctSvcrRef><BkTxCd><Domn><Cd>PMNT</Cd><Fmly><Cd>ICDT</Cd><SubFmlyCd>XBCT</SubFmlyCd></Fmly></Domn></BkTxCd><NtryDtls><TxDtls><Refs><AcctSvcrRef>25-696551171-1</AcctSvcrRef><PmtInfId>25:696551171</PmtInfId><InstrId>20221115000800379987967</InstrId></Refs><Amt Ccy="CHF">5935.20</Amt><CdtDbtInd>DBIT</CdtDbtInd><AmtDtls><InstdAmt><Amt Ccy="EUR">6000.00</Amt><CcyXchg><SrcCcy>EUR</SrcCcy><XchgRate>0.9892</XchgRate></CcyXchg></InstdAmt></AmtDtls><BkTxCd><Domn><Cd>PMNT</Cd><Fmly><Cd>ICDT</Cd><SubFmlyCd>XBCT</SubFmlyCd></Fmly></Domn></BkTxCd><RltdPties><Cdtr><Nm>LivingCare GmbH</Nm><PstlAdr><StrtNm>Randenweg</StrtNm><BldgNb>21</BldgNb><PstCd>79798</PstCd><TwnNm>Jestetten</TwnNm><Ctry>DE</Ctry></PstlAdr></Cdtr><CdtrAcct><Id><IBAN>DE59684922000002220830</IBAN></Id></CdtrAcct></RltdPties><RltdAgts><CdtrAgt><FinInstnId><BICFI>GENODE61WT1</BICFI><Nm>VOLKSBANK HOCHRHEIN EG</Nm><PstlAdr><Ctry>DE</Ctry><AdrLine>BISMARCKSTRASSE 29 79761 WALDSHUT-TIENGEN</AdrLine></PstlAdr></FinInstnId></CdtrAgt></RltdAgts><RmtInf><Ustrd>Akonto November 2022</Ustrd></RmtInf></TxDtls></NtryDtls><AddtlNtryInf>GIRO INTERNATIONAL URGENT EXPRESS EUR 6'000.00 ZUM KURS VON 0.9892 VOLKSBANK HOCHRHEIN EG BISMARCKSTRASSE 29 79761 WALDSHUT-TIENGEN DE59684922000002220830 LIVINGCARE GMBH RANDENWEG 21 79798 JESTETTEN SENDER REFERENZ: AKONTO NOVEMBER 2022 20221115000800379987967</AddtlNtryInf></Ntry><Ntry><NtryRef>CH9209000000414939852</NtryRef><Amt Ccy="CHF">988.00</Amt><CdtDbtInd>CRDT</CdtDbtInd><RvslInd>false</RvslInd><Sts>BOOK</Sts><BookgDt><Dt>2022-11-15</Dt></BookgDt><ValDt><Dt>2022-11-15</Dt></ValDt><AcctSvcrRef>319220109GX39Y3K</AcctSvcrRef><BkTxCd><Domn><Cd>PMNT</Cd><Fmly><Cd>RCDT</Cd><SubFmlyCd>ATXN</SubFmlyCd></Fmly></Domn></BkTxCd><NtryDtls><Btch><NbOfTxs>1</NbOfTxs></Btch><TxDtls><Refs><AcctSvcrRef>221115CH09GX39Y3</AcctSvcrRef><InstrId>17050284086/6XXX</InstrId><EndToEndId>NOTPROVIDED</EndToEndId><Prtry><Tp>00</Tp><Ref>221115CH09GX39Y3</Ref></Prtry></Refs><Amt Ccy="CHF">988.00</Amt><CdtDbtInd>CRDT</CdtDbtInd><BkTxCd><Domn><Cd>PMNT</Cd><Fmly><Cd>RCDT</Cd><SubFmlyCd>ATXN</SubFmlyCd></Fmly></Domn></BkTxCd><RltdPties><Dbtr><Nm>Julian Roth</Nm><PstlAdr><AdrLine>Ackerstrasse 11</AdrLine><AdrLine>8266 Steckborn</AdrLine></PstlAdr></Dbtr><DbtrAcct><Id><IBAN>CH0980808008358909855</IBAN></Id></DbtrAcct><CdtrAcct><Id><IBAN>CH9209000000414939852</IBAN></Id></CdtrAcct></RltdPties><RltdAgts><DbtrAgt><FinInstnId><ClrSysMmbId><MmbId>81377</MmbId></ClrSysMmbId><Nm>Raiffeisenbank Aadorf</Nm><PstlAdr><AdrLine>Gemeindeplatz 3</AdrLine><AdrLine>8355 Aadorf</AdrLine></PstlAdr></FinInstnId></DbtrAgt></RltdAgts><RmtInf><Ustrd>Bestellung mein-stehtisch.ch, 10764</Ustrd><Strd><AddtlRmtInf>?REJECT?000</AddtlRmtInf><AddtlRmtInf>?ERROR?000</AddtlRmtInf></Strd></RmtInf><RltdDts><AccptncDtTm>2022-11-15T20:00:00</AccptncDtTm></RltdDts></TxDtls></NtryDtls><AddtlNtryInf>GUTSCHRIFT AUFTRAGGEBER: JULIAN ROTH ACKERSTRASSE 11 8266 STECKBORN MITTEILUNGEN: BESTELLUNG MEIN-STEHTISCH.CH, 10764 REFERENZEN: NOTPROVIDED 17050284086/6XXX 221115CH09GX39Y3</AddtlNtryInf></Ntry><Ntry><NtryRef>CH4330000001414939852</NtryRef><Amt Ccy="CHF">2634.55</Amt><CdtDbtInd>CRDT</CdtDbtInd><RvslInd>false</RvslInd><Sts>BOOK</Sts><BookgDt><Dt>2022-11-15</Dt></BookgDt><ValDt><Dt>2022-11-15</Dt></ValDt><AcctSvcrRef>319220009GYY6F2U</AcctSvcrRef><BkTxCd><Domn><Cd>PMNT</Cd><Fmly><Cd>RCDT</Cd><SubFmlyCd>VCOM</SubFmlyCd></Fmly></Domn></BkTxCd><Chrgs><TtlChrgsAndTaxAmt Ccy="CHF">1.60</TtlChrgsAndTaxAmt><Rcrd><Amt Ccy="CHF">1.60</Amt><CdtDbtInd>DBIT</CdtDbtInd><ChrgInclInd>false</ChrgInclInd><Tp><Prtry><Id>2</Id></Prtry></Tp></Rcrd></Chrgs><NtryDtls><TxDtls><Refs><AcctSvcrRef>319220009GYY6F2U</AcctSvcrRef></Refs><Amt Ccy="CHF">2634.55</Amt><CdtDbtInd>CRDT</CdtDbtInd></TxDtls></NtryDtls><AddtlNtryInf>SAMMELGUTSCHRIFT FÜR KONTO: CH4330000001414939852 VERARBEITUNG VOM 15.11.2022 PAKET ID: 221115CH000006MT</AddtlNtryInf></Ntry><Ntry><Amt Ccy="CHF">130.90</Amt><CdtDbtInd>CRDT</CdtDbtInd><RvslInd>false</RvslInd><Sts>BOOK</Sts><BookgDt><Dt>2022-11-15</Dt></BookgDt><ValDt><Dt>2022-11-15</Dt></ValDt><AcctSvcrRef>3192400324643802</AcctSvcrRef><BkTxCd><Domn><Cd>PMNT</Cd><Fmly><Cd>MCRD</Cd><SubFmlyCd>POSP</SubFmlyCd></Fmly></Domn></BkTxCd><NtryDtls><TxDtls><Refs><AcctSvcrRef>3192400324643802</AcctSvcrRef></Refs><Amt Ccy="CHF">130.90</Amt><CdtDbtInd>CRDT</CdtDbtInd></TxDtls></NtryDtls><AddtlNtryInf>GUTSCHRIFT E-PAYMENT-TRANSAKTIONEN POSTFINANCE CARD EINLIEFERUNG VOM 14.11.2022 EVERSMART PRODUCTS HANDELS GMBH PFAQ08RZ0000001 WWW.HAPPYSMELL.CH</AddtlNtryInf></Ntry></Stmt></BkToCstmrStmt></Document>
