<?xml version="1.0" encoding="UTF-8"?>
<Document xmlns="urn:iso:std:iso:20022:tech:xsd:camt.053.001.04" xmlns:xsi="http://www.w3.org/2001/XMLSchema-instance" xsi:schemaLocation="urn:iso:std:iso:20022:tech:xsd:camt.053.001.04 camt.053.001.04.xsd"><BkToCstmrStmt><GrpHdr><MsgId>20221031375204965886609</MsgId><CreDtTm>2022-11-01T02:37:03</CreDtTm><MsgPgntn><PgNb>1</PgNb><LastPgInd>true</LastPgInd></MsgPgntn><AddtlInf>SPS/1.7/PROD</AddtlInf></GrpHdr><Stmt><Id>20221031375204965886623</Id><ElctrncSeqNb>213</ElctrncSeqNb><CreDtTm>2022-11-01T02:37:03</CreDtTm><FrToDt><FrDtTm>2022-10-29T00:00:00</FrDtTm><ToDtTm>2022-10-31T23:59:59</ToDtTm></FrToDt><Acct><Id><IBAN>CH1209000000917587047</IBAN></Id><Ownr><Nm>eversmart products Handels GmbH Pfäffikon SZ</Nm></Ownr></Acct><Bal><Tp><CdOrPrtry><Cd>OPBD</Cd></CdOrPrtry></Tp><Amt Ccy="EUR">5864.34</Amt><CdtDbtInd>CRDT</CdtDbtInd><Dt><Dt>2022-10-29</Dt></Dt></Bal><Bal><Tp><CdOrPrtry><Cd>CLBD</Cd></CdOrPrtry></Tp><Amt Ccy="EUR">5669.97</Amt><CdtDbtInd>CRDT</CdtDbtInd><Dt><Dt>2022-10-31</Dt></Dt></Bal><Bal><Tp><CdOrPrtry><Cd>CLAV</Cd></CdOrPrtry></Tp><Amt Ccy="EUR">5669.97</Amt><CdtDbtInd>CRDT</CdtDbtInd><Dt><Dt>2022-10-31</Dt></Dt></Bal><Ntry><Amt Ccy="EUR">5.03</Amt><CdtDbtInd>DBIT</CdtDbtInd><RvslInd>false</RvslInd><Sts>BOOK</Sts><BookgDt><Dt>2022-10-31</Dt></BookgDt><ValDt><Dt>2022-10-31</Dt></ValDt><AcctSvcrRef>3042100182757915</AcctSvcrRef><BkTxCd><Domn><Cd>ACMT</Cd><Fmly><Cd>ADOP</Cd><SubFmlyCd>CHRG</SubFmlyCd></Fmly></Domn></BkTxCd><NtryDtls><TxDtls><Refs><AcctSvcrRef>3042100182757915</AcctSvcrRef></Refs><Amt Ccy="EUR">5.03</Amt><CdtDbtInd>DBIT</CdtDbtInd></TxDtls></NtryDtls><AddtlNtryInf>PREIS FÜR DIE KONTOFÜHRUNG</AddtlNtryInf></Ntry><Ntry><Amt Ccy="EUR">189.34</Amt><CdtDbtInd>DBIT</CdtDbtInd><RvslInd>false</RvslInd><Sts>BOOK</Sts><BookgDt><Dt>2022-10-31</Dt></BookgDt><ValDt><Dt>2022-10-31</Dt></ValDt><AcctSvcrRef>304220009CMXXE9K</AcctSvcrRef><BkTxCd><Domn><Cd>PMNT</Cd><Fmly><Cd>ICDT</Cd><SubFmlyCd>ESCT</SubFmlyCd></Fmly></Domn></BkTxCd><NtryDtls><TxDtls><Refs><AcctSvcrRef>25-679033664-1</AcctSvcrRef><PmtInfId>25:679033664</PmtInfId><InstrId>20221019000800873227767</InstrId></Refs><Amt Ccy="EUR">189.34</Amt><CdtDbtInd>DBIT</CdtDbtInd><BkTxCd><Domn><Cd>PMNT</Cd><Fmly><Cd>ICDT</Cd><SubFmlyCd>ESCT</SubFmlyCd></Fmly></Domn></BkTxCd><RltdPties><Cdtr><Nm>Finanzkasse Konstanz</Nm><PstlAdr><Ctry>DE</Ctry><AdrLine>Byk-Gulden-Str. 2 a 78467 Konstanz</AdrLine></PstlAdr></Cdtr><CdtrAcct><Id><IBAN>DE38694000000069001500</IBAN></Id></CdtrAcct></RltdPties><RltdAgts><CdtrAgt><FinInstnId><BICFI>MARKDEF1694</BICFI><Nm>DEUTSCHE BUNDESBANK</Nm><PstlAdr><Ctry>DE</Ctry><AdrLine>VILLINGEN-SCHWENNINGEN</AdrLine></PstlAdr></FinInstnId></CdtrAgt></RltdAgts><RmtInf><Ustrd>09407/34062 Umsatzsteuer September</Ustrd><Ustrd>2022</Ustrd><Strd><AddtlRmtInf>09407/34062 Umsatzsteuer Sept 2022</AddtlRmtInf></Strd></RmtInf></TxDtls></NtryDtls><AddtlNtryInf>GIRO INTERNATIONAL (SEPA) DEUTSCHE BUNDESBANK  VILLINGEN-SCHWENNINGEN DE38694000000069001500 FINANZKASSE KONSTANZ BYK-GULDEN-STR. 2 A 78467 KONSTANZ SENDER REFERENZ: 09407/34062 UMSATZSTEUER SEPT 2022 20221019000800873227767</AddtlNtryInf></Ntry></Stmt></BkToCstmrStmt></Document>
