<?xml version="1.0" encoding="UTF-8"?>
<Document xmlns="urn:iso:std:iso:20022:tech:xsd:camt.053.001.04" xmlns:xsi="http://www.w3.org/2001/XMLSchema-instance" xsi:schemaLocation="urn:iso:std:iso:20022:tech:xsd:camt.053.001.04 camt.053.001.04.xsd"><BkToCstmrStmt><GrpHdr><MsgId>20221007375204947356689</MsgId><CreDtTm>2022-10-08T01:36:19</CreDtTm><MsgPgntn><PgNb>1</PgNb><LastPgInd>true</LastPgInd></MsgPgntn><AddtlInf>SPS/1.7/PROD</AddtlInf></GrpHdr><Stmt><Id>20221007375204947356727</Id><ElctrncSeqNb>197</ElctrncSeqNb><CreDtTm>2022-10-08T01:36:19</CreDtTm><FrToDt><FrDtTm>2022-10-07T00:00:00</FrDtTm><ToDtTm>2022-10-07T23:59:59</ToDtTm></FrToDt><Acct><Id><IBAN>CH9209000000414939852</IBAN></Id><Ownr><Nm>eversmart products Handels GmbH Pfäffikon SZ</Nm></Ownr></Acct><Bal><Tp><CdOrPrtry><Cd>OPBD</Cd></CdOrPrtry></Tp><Amt Ccy="CHF">51856.72</Amt><CdtDbtInd>CRDT</CdtDbtInd><Dt><Dt>2022-10-07</Dt></Dt></Bal><Bal><Tp><CdOrPrtry><Cd>CLBD</Cd></CdOrPrtry></Tp><Amt Ccy="CHF">52170.37</Amt><CdtDbtInd>CRDT</CdtDbtInd><Dt><Dt>2022-10-07</Dt></Dt></Bal><Bal><Tp><CdOrPrtry><Cd>CLAV</Cd></CdOrPrtry></Tp><Amt Ccy="CHF">52170.37</Amt><CdtDbtInd>CRDT</CdtDbtInd><Dt><Dt>2022-10-07</Dt></Dt></Bal><Ntry><Amt Ccy="CHF">15532.55</Amt><CdtDbtInd>DBIT</CdtDbtInd><RvslInd>false</RvslInd><Sts>BOOK</Sts><BookgDt><Dt>2022-10-07</Dt></BookgDt><ValDt><Dt>2022-10-07</Dt></ValDt><AcctSvcrRef>280220009B10HMBK</AcctSvcrRef><BkTxCd><Domn><Cd>PMNT</Cd><Fmly><Cd>ICDT</Cd><SubFmlyCd>XBCT</SubFmlyCd></Fmly></Domn></BkTxCd><NtryDtls><TxDtls><Refs><AcctSvcrRef>25-673627311-1</AcctSvcrRef><PmtInfId>25:673627311</PmtInfId><InstrId>20221006000800677581137</InstrId></Refs><Amt Ccy="CHF">15532.55</Amt><CdtDbtInd>DBIT</CdtDbtInd><AmtDtls><InstdAmt><Amt Ccy="USD">15500.00</Amt><CcyXchg><SrcCcy>USD</SrcCcy><XchgRate>1.0021</XchgRate></CcyXchg></InstdAmt></AmtDtls><BkTxCd><Domn><Cd>PMNT</Cd><Fmly><Cd>ICDT</Cd><SubFmlyCd>XBCT</SubFmlyCd></Fmly></Domn></BkTxCd><RltdPties><Cdtr><Nm>AIR-SEA TRANSPORT INC.</Nm><PstlAdr><StrtNm>ROOM (3-6) (3-7) Caihong Road 223 (South), Yinzhou District, NINGBO</StrtNm><BldgNb>223</BldgNb><PstCd>315040</PstCd><TwnNm>ZHEJIANG</TwnNm><Ctry>HK</Ctry></PstlAdr></Cdtr><CdtrAcct><Id><Othr><Id>00639191170702</Id></Othr></Id></CdtrAcct></RltdPties><RltdAgts><CdtrAgt><FinInstnId><BICFI>CITIHKHXXXX</BICFI><Nm>CITIBANK N.A.</Nm><PstlAdr><Ctry>HK</Ctry><AdrLine>GARDEN ROAD, 3CHAMPION TOWERFLOOR 5  CENTRAL</AdrLine></PstlAdr></FinInstnId></CdtrAgt></RltdAgts><RmtInf><Ustrd>D05742209059191</Ustrd><Strd><AddtlRmtInf>Stehtisch Zug</AddtlRmtInf></Strd></RmtInf></TxDtls></NtryDtls><AddtlNtryInf>GIRO INTERNATIONAL USD 15'500.00 ZUM KURS VON 1.0021 CITIBANK N.A. GARDEN ROAD, 3CHAMPION TOWERFLOOR 5  CENTRAL 00639191170702 AIR-SEA TRANSPORT INC. ROOM (3-6) (3-7) CAIHONG ROAD 2 223 315040 ZHEJIANG SENDER REFERENZ: STEHTISCH ZUG 20221006000800677581137</AddtlNtryInf></Ntry><Ntry><Amt Ccy="CHF">2854.85</Amt><CdtDbtInd>DBIT</CdtDbtInd><RvslInd>false</RvslInd><Sts>BOOK</Sts><BookgDt><Dt>2022-10-07</Dt></BookgDt><ValDt><Dt>2022-10-07</Dt></ValDt><AcctSvcrRef>28022000977ZOL8K</AcctSvcrRef><BkTxCd><Domn><Cd>PMNT</Cd><Fmly><Cd>ICDT</Cd><SubFmlyCd>BOOK</SubFmlyCd></Fmly></Domn></BkTxCd><NtryDtls><TxDtls><Refs><AcctSvcrRef>25-658392243-1</AcctSvcrRef><PmtInfId>25:658392243</PmtInfId><InstrId>20220913000800246846916</InstrId></Refs><Amt Ccy="CHF">2854.85</Amt><CdtDbtInd>DBIT</CdtDbtInd><BkTxCd><Domn><Cd>PMNT</Cd><Fmly><Cd>ICDT</Cd><SubFmlyCd>BOOK</SubFmlyCd></Fmly></Domn></BkTxCd><RltdPties><Cdtr><Nm>Ausgleichskasse Schwyz</Nm><PstlAdr><Ctry>CH</Ctry><AdrLine>AHV/IV/EO Schwyz</AdrLine></PstlAdr></Cdtr><CdtrAcct><Id><IBAN>CH0230000002600077957</IBAN></Id></CdtrAcct></RltdPties><RltdAgts><CdtrAgt><FinInstnId><BICFI>POFICHBEXXX</BICFI><PstlAdr><Ctry>CH</Ctry></PstlAdr></FinInstnId></CdtrAgt></RltdAgts><RmtInf><Strd><CdtrRefInf><Tp><CdOrPrtry><Prtry>QRR</Prtry></CdOrPrtry></Tp><Ref>000101979457001001725490115</Ref></CdtrRefInf><AddtlRmtInf>AHV 09/22</AddtlRmtInf></Strd></RmtInf></TxDtls></NtryDtls><AddtlNtryInf>LASTSCHRIFT CH0230000002600077957 AUSGLEICHSKASSE SCHWYZ AHV/IV/EO SCHWYZ SENDER REFERENZ: AHV 09/22 20220913000800246846916</AddtlNtryInf></Ntry><Ntry><NtryRef>CH9209000000414939852</NtryRef><Amt Ccy="CHF">2505.25</Amt><CdtDbtInd>CRDT</CdtDbtInd><RvslInd>false</RvslInd><Sts>BOOK</Sts><BookgDt><Dt>2022-10-07</Dt></BookgDt><ValDt><Dt>2022-10-07</Dt></ValDt><AcctSvcrRef>280220009AYUUO1K</AcctSvcrRef><BkTxCd><Domn><Cd>PMNT</Cd><Fmly><Cd>RCDT</Cd><SubFmlyCd>AUTT</SubFmlyCd></Fmly></Domn></BkTxCd><NtryDtls><Btch><NbOfTxs>1</NbOfTxs></Btch><TxDtls><Refs><MsgId>TWINT20221005-101-Merchant</MsgId><AcctSvcrRef>221006CH09AYUUO1</AcctSvcrRef><PmtInfId>TWINT20221005-101-Merchant-B1</PmtInfId><InstrId>0643a6bae39e4a3987b3e45b36cc0725</InstrId><EndToEndId>TWINT20221005-101-Merchant-B1</EndToEndId><Prtry><Tp>00</Tp><Ref>221006CH09AYUUO1</Ref></Prtry></Refs><Amt Ccy="CHF">2505.25</Amt><CdtDbtInd>CRDT</CdtDbtInd><BkTxCd><Domn><Cd>PMNT</Cd><Fmly><Cd>RCDT</Cd><SubFmlyCd>AUTT</SubFmlyCd></Fmly></Domn></BkTxCd><RltdPties><Dbtr><Nm>TWINT Acquiring AG</Nm><PstlAdr><StrtNm>Stauffacherstrasse</StrtNm><BldgNb>41</BldgNb><PstCd>8004</PstCd><TwnNm>Zürich</TwnNm><Ctry>CH</Ctry></PstlAdr></Dbtr><DbtrAcct><Id><IBAN>CH6609000000313087410</IBAN></Id></DbtrAcct><CdtrAcct><Id><IBAN>CH9209000000414939852</IBAN></Id></CdtrAcct></RltdPties><RltdAgts><DbtrAgt><FinInstnId><BICFI>POFICHBEXXX</BICFI><Nm>POSTFINANCE AG</Nm><PstlAdr><AdrLine>MINGERSTRASSE , 20</AdrLine><AdrLine>3030 BERN</AdrLine></PstlAdr></FinInstnId></DbtrAgt></RltdAgts><RmtInf><Ustrd>999999 TWINT TWINT Auszahlungen Pay</Ustrd><Ustrd>out 20221006                       </Ustrd><Ustrd>   Gross: 2538.26 Fees: -33.01</Ustrd><Strd><AddtlRmtInf>?REJECT?0</AddtlRmtInf><AddtlRmtInf>?ERROR?000</AddtlRmtInf></Strd></RmtInf><RltdDts><AccptncDtTm>2022-10-07T20:00:00</AccptncDtTm></RltdDts></TxDtls></NtryDtls><AddtlNtryInf>GUTSCHRIFT CH6609000000313087410 ABSENDER: TWINT ACQUIRING AG STAUFFACHERSTRASSE 41 8004 ZÜRICH MITTEILUNGEN: 999999 TWINT TWINT AUSZAHLUNGEN PAY OUT 20221006                           GROSS: 2538.26 FEES: -33.01 REFERENZEN: TWINT20221005-101-MERCHANT-B1</AddtlNtryInf></Ntry><Ntry><NtryRef>CH9209000000414939852</NtryRef><Amt Ccy="CHF">248.54</Amt><CdtDbtInd>CRDT</CdtDbtInd><RvslInd>false</RvslInd><Sts>BOOK</Sts><BookgDt><Dt>2022-10-07</Dt></BookgDt><ValDt><Dt>2022-10-07</Dt></ValDt><AcctSvcrRef>280220109B6UX24K</AcctSvcrRef><BkTxCd><Domn><Cd>PMNT</Cd><Fmly><Cd>RCDT</Cd><SubFmlyCd>ATXN</SubFmlyCd></Fmly></Domn></BkTxCd><NtryDtls><Btch><NbOfTxs>1</NbOfTxs></Btch><TxDtls><Refs><AcctSvcrRef>221007CH09B6UX24</AcctSvcrRef><InstrId>LON03253145232</InstrId><EndToEndId>NOTPROVIDED</EndToEndId><Prtry><Tp>00</Tp><Ref>221007CH09B6UX24</Ref></Prtry></Refs><Amt Ccy="CHF">248.54</Amt><CdtDbtInd>CRDT</CdtDbtInd><BkTxCd><Domn><Cd>PMNT</Cd><Fmly><Cd>RCDT</Cd><SubFmlyCd>ATXN</SubFmlyCd></Fmly></Domn></BkTxCd><RltdPties><Dbtr><Nm>STRIPE PAYMENTS UK LTD</Nm><PstlAdr><AdrLine>9TH FLOOR, 107 CHEAPSIDE GB - LONDO</AdrLine><AdrLine>N EC2V 6DN</AdrLine></PstlAdr></Dbtr><DbtrAcct><Id><IBAN>DK6289000000010375</IBAN></Id></DbtrAcct><CdtrAcct><Id><IBAN>CH9209000000414939852</IBAN></Id></CdtrAcct></RltdPties><RltdAgts><DbtrAgt><FinInstnId><BICFI>CITIGB2LXXX</BICFI><Nm>CITIBANK N.A.</Nm><PstlAdr><AdrLine>CITIBANK CENTRE25 CANADA SQUARE</AdrLine><AdrLine>E14 5LB LONDON</AdrLine></PstlAdr></FinInstnId></DbtrAgt></RltdAgts><RmtInf><Ustrd>STRIPE R9N3E6</Ustrd><Strd><AddtlRmtInf>?REJECT?0</AddtlRmtInf><AddtlRmtInf>?ERROR?000</AddtlRmtInf></Strd></RmtInf><RltdDts><AccptncDtTm>2022-10-07T20:00:00</AccptncDtTm></RltdDts></TxDtls></NtryDtls><AddtlNtryInf>GUTSCHRIFT AUFTRAGGEBER: STRIPE PAYMENTS UK LTD 9TH FLOOR, 107 CHEAPSIDE GB - LONDO N EC2V 6DN MITTEILUNGEN: STRIPE R9N3E6 SPESENBETRAG 0.00 CHF SHA REFERENZEN: NOTPROVIDED LON03253145232 221007CH09B6UX24</AddtlNtryInf></Ntry><Ntry><NtryRef>CH9209000000414939852</NtryRef><Amt Ccy="CHF">149.00</Amt><CdtDbtInd>CRDT</CdtDbtInd><RvslInd>false</RvslInd><Sts>BOOK</Sts><BookgDt><Dt>2022-10-07</Dt></BookgDt><ValDt><Dt>2022-10-07</Dt></ValDt><AcctSvcrRef>280220109B8U16OK</AcctSvcrRef><BkTxCd><Domn><Cd>PMNT</Cd><Fmly><Cd>RCDT</Cd><SubFmlyCd>ATXN</SubFmlyCd></Fmly></Domn></BkTxCd><NtryDtls><Btch><NbOfTxs>1</NbOfTxs></Btch><TxDtls><Refs><AcctSvcrRef>221007CH09B8U16O</AcctSvcrRef><InstrId>1409257770/1XXXX</InstrId><EndToEndId>12931-1018036</EndToEndId><Prtry><Tp>00</Tp><Ref>221007CH09B8U16O</Ref></Prtry></Refs><Amt Ccy="CHF">149.00</Amt><CdtDbtInd>CRDT</CdtDbtInd><BkTxCd><Domn><Cd>PMNT</Cd><Fmly><Cd>RCDT</Cd><SubFmlyCd>ATXN</SubFmlyCd></Fmly></Domn></BkTxCd><RltdPties><Dbtr><Nm>Tanja Bucher</Nm><PstlAdr><AdrLine>Baselstrasse 30</AdrLine><AdrLine>6003 Luzern</AdrLine></PstlAdr></Dbtr><DbtrAcct><Id><IBAN>CH8800778010915165203</IBAN></Id></DbtrAcct><CdtrAcct><Id><IBAN>CH9209000000414939852</IBAN></Id></CdtrAcct></RltdPties><RltdAgts><DbtrAgt><FinInstnId><ClrSysMmbId><MmbId>778</MmbId></ClrSysMmbId><Nm>Luzerner Kantonalbank AG</Nm><PstlAdr><AdrLine>Pilatusstrasse 12</AdrLine><AdrLine>6002 Luzern</AdrLine></PstlAdr></FinInstnId></DbtrAgt></RltdAgts><RmtInf><Ustrd>RE-94055</Ustrd><Strd><AddtlRmtInf>?REJECT?0</AddtlRmtInf><AddtlRmtInf>?ERROR?000</AddtlRmtInf></Strd></RmtInf><RltdDts><AccptncDtTm>2022-10-07T20:00:00</AccptncDtTm></RltdDts></TxDtls></NtryDtls><AddtlNtryInf>GUTSCHRIFT AUFTRAGGEBER: TANJA BUCHER BASELSTRASSE 30 6003 LUZERN MITTEILUNGEN: RE-94055 REFERENZEN: 12931-1018036 1409257770/1XXXX 221007CH09B8U16O</AddtlNtryInf></Ntry><Ntry><NtryRef>CH9209000000414939852</NtryRef><Amt Ccy="CHF">149.90</Amt><CdtDbtInd>CRDT</CdtDbtInd><RvslInd>false</RvslInd><Sts>BOOK</Sts><BookgDt><Dt>2022-10-07</Dt></BookgDt><ValDt><Dt>2022-10-07</Dt></ValDt><AcctSvcrRef>280220109B8U0D5K</AcctSvcrRef><BkTxCd><Domn><Cd>PMNT</Cd><Fmly><Cd>RCDT</Cd><SubFmlyCd>ATXN</SubFmlyCd></Fmly></Domn></BkTxCd><NtryDtls><Btch><NbOfTxs>1</NbOfTxs></Btch><TxDtls><Refs><AcctSvcrRef>221007CH09B8U0D5</AcctSvcrRef><InstrId>1409257772/1XXXX</InstrId><EndToEndId>12931-1018035</EndToEndId><Prtry><Tp>00</Tp><Ref>221007CH09B8U0D5</Ref></Prtry></Refs><Amt Ccy="CHF">149.90</Amt><CdtDbtInd>CRDT</CdtDbtInd><BkTxCd><Domn><Cd>PMNT</Cd><Fmly><Cd>RCDT</Cd><SubFmlyCd>ATXN</SubFmlyCd></Fmly></Domn></BkTxCd><RltdPties><Dbtr><Nm>Tanja Bucher</Nm><PstlAdr><AdrLine>Baselstrasse 30</AdrLine><AdrLine>6003 Luzern</AdrLine></PstlAdr></Dbtr><DbtrAcct><Id><IBAN>CH8800778010915165203</IBAN></Id></DbtrAcct><CdtrAcct><Id><IBAN>CH9209000000414939852</IBAN></Id></CdtrAcct></RltdPties><RltdAgts><DbtrAgt><FinInstnId><ClrSysMmbId><MmbId>778</MmbId></ClrSysMmbId><Nm>Luzerner Kantonalbank AG</Nm><PstlAdr><AdrLine>Pilatusstrasse 12</AdrLine><AdrLine>6002 Luzern</AdrLine></PstlAdr></FinInstnId></DbtrAgt></RltdAgts><RmtInf><Ustrd>RE-93709</Ustrd><Strd><AddtlRmtInf>?REJECT?0</AddtlRmtInf><AddtlRmtInf>?ERROR?000</AddtlRmtInf></Strd></RmtInf><RltdDts><AccptncDtTm>2022-10-07T20:00:00</AccptncDtTm></RltdDts></TxDtls></NtryDtls><AddtlNtryInf>GUTSCHRIFT AUFTRAGGEBER: TANJA BUCHER BASELSTRASSE 30 6003 LUZERN MITTEILUNGEN: RE-93709 REFERENZEN: 12931-1018035 1409257772/1XXXX 221007CH09B8U0D5</AddtlNtryInf></Ntry><Ntry><NtryRef>CH4330000001414939852</NtryRef><Amt Ccy="CHF">15648.36</Amt><CdtDbtInd>CRDT</CdtDbtInd><RvslInd>false</RvslInd><Sts>BOOK</Sts><BookgDt><Dt>2022-10-07</Dt></BookgDt><ValDt><Dt>2022-10-07</Dt></ValDt><AcctSvcrRef>280220009BAQH73U</AcctSvcrRef><BkTxCd><Domn><Cd>PMNT</Cd><Fmly><Cd>RCDT</Cd><SubFmlyCd>VCOM</SubFmlyCd></Fmly></Domn></BkTxCd><Chrgs><TtlChrgsAndTaxAmt Ccy="CHF">5.24</TtlChrgsAndTaxAmt><Rcrd><Amt Ccy="CHF">4.40</Amt><CdtDbtInd>DBIT</CdtDbtInd><ChrgInclInd>false</ChrgInclInd><Tp><Prtry><Id>2</Id></Prtry></Tp></Rcrd><Rcrd><Amt Ccy="CHF">0.80</Amt><CdtDbtInd>DBIT</CdtDbtInd><ChrgInclInd>false</ChrgInclInd><Tp><Prtry><Id>5</Id></Prtry></Tp></Rcrd><Rcrd><Amt Ccy="CHF">0.04</Amt><CdtDbtInd>DBIT</CdtDbtInd><ChrgInclInd>false</ChrgInclInd><Tp><Prtry><Id>4</Id></Prtry></Tp></Rcrd></Chrgs><NtryDtls><TxDtls><Refs><AcctSvcrRef>280220009BAQH73U</AcctSvcrRef></Refs><Amt Ccy="CHF">15648.36</Amt><CdtDbtInd>CRDT</CdtDbtInd></TxDtls></NtryDtls><AddtlNtryInf>SAMMELGUTSCHRIFT FÜR KONTO: CH4330000001414939852 VERARBEITUNG VOM 07.10.2022 PAKET ID: 221007CH0000088L</AddtlNtryInf></Ntry></Stmt></BkToCstmrStmt></Document>
