<?xml version="1.0" encoding="UTF-8"?>
<Document xmlns="urn:iso:std:iso:20022:tech:xsd:camt.054.001.04" xmlns:xsi="http://www.w3.org/2001/XMLSchema-instance" xsi:schemaLocation="urn:iso:std:iso:20022:tech:xsd:camt.054.001.04 camt.054.001.04.xsd"><BkToCstmrDbtCdtNtfctn><GrpHdr><MsgId>20220822375204907603095</MsgId><CreDtTm>2022-08-22T23:39:09</CreDtTm><MsgPgntn><PgNb>1</PgNb><LastPgInd>true</LastPgInd></MsgPgntn><AddtlInf>SPS/1.7/PROD</AddtlInf></GrpHdr><Ntfctn><Id>20220822375204907603098</Id><CreDtTm>2022-08-22T23:39:09</CreDtTm><FrToDt><FrDtTm>2022-08-20T00:00:00</FrDtTm><ToDtTm>2022-08-22T23:59:59</ToDtTm></FrToDt><RptgSrc><Prtry>OTHR</Prtry></RptgSrc><Acct><Id><IBAN>CH9209000000414939852</IBAN></Id><Ownr><Nm>eversmart products Handels GmbH Pfäffikon SZ</Nm></Ownr></Acct><Ntry><NtryRef>CH9530000002414939852</NtryRef><Amt Ccy="CHF">282.80</Amt><CdtDbtInd>CRDT</CdtDbtInd><RvslInd>false</RvslInd><Sts>BOOK</Sts><BookgDt><Dt>2022-08-22</Dt></BookgDt><ValDt><Dt>2022-08-22</Dt></ValDt><AcctSvcrRef>2342200093NM2SHU</AcctSvcrRef><BkTxCd><Domn><Cd>PMNT</Cd><Fmly><Cd>RCDT</Cd><SubFmlyCd>VCOM</SubFmlyCd></Fmly></Domn></BkTxCd><NtryDtls><Btch><NbOfTxs>4</NbOfTxs></Btch><TxDtls><Refs><AcctSvcrRef>220822CH093I6Q9H</AcctSvcrRef><InstrId>16828448716/6XXX</InstrId><EndToEndId>NOTPROVIDED</EndToEndId><Prtry><Tp>00</Tp><Ref>20220822375204565563045</Ref></Prtry></Refs><Amt Ccy="CHF">99.90</Amt><CdtDbtInd>CRDT</CdtDbtInd><BkTxCd><Domn><Cd>PMNT</Cd><Fmly><Cd>RCDT</Cd><SubFmlyCd>ATXN</SubFmlyCd></Fmly></Domn></BkTxCd><RltdPties><Dbtr><Nm>Martin und Karin Treichler</Nm><PstlAdr><AdrLine>Hoemelhalde 1</AdrLine><AdrLine>8636 Wald ZH</AdrLine></PstlAdr></Dbtr><DbtrAcct><Id><IBAN>CH0280808003697866951</IBAN></Id></DbtrAcct><UltmtDbtr><Nm>Karin Treichler</Nm><PstlAdr><AdrLine>Homelhalde 1</AdrLine><AdrLine>8636 Wald</AdrLine></PstlAdr></UltmtDbtr><CdtrAcct><Id><IBAN>CH9530000002414939852</IBAN></Id></CdtrAcct></RltdPties><RltdAgts><DbtrAgt><FinInstnId><ClrSysMmbId><MmbId>81298</MmbId></ClrSysMmbId><Nm>Raiffeisenbank am Ricken</Nm><PstlAdr><AdrLine>Rössligass 3</AdrLine><AdrLine>8733 Eschenbach SG</AdrLine></PstlAdr></FinInstnId></DbtrAgt></RltdAgts><RmtInf><Strd><CdtrRefInf><Tp><CdOrPrtry><Prtry>QRR</Prtry></CdOrPrtry></Tp><Ref>000000000000000000000004418</Ref></CdtrRefInf><AddtlRmtInf>?REJECT?0</AddtlRmtInf><AddtlRmtInf>?ERROR?000</AddtlRmtInf><AddtlRmtInf>6757</AddtlRmtInf></Strd></RmtInf><RltdDts><AccptncDtTm>2022-08-22T20:00:00</AccptncDtTm></RltdDts></TxDtls><TxDtls><Refs><AcctSvcrRef>220822CH093IC9TY</AcctSvcrRef><InstrId>223492355160001</InstrId><EndToEndId>NOTPROVIDED</EndToEndId><Prtry><Tp>00</Tp><Ref>20220822375204565654257</Ref></Prtry></Refs><Amt Ccy="CHF">99.90</Amt><CdtDbtInd>CRDT</CdtDbtInd><BkTxCd><Domn><Cd>PMNT</Cd><Fmly><Cd>RCDT</Cd><SubFmlyCd>ATXN</SubFmlyCd></Fmly></Domn></BkTxCd><RltdPties><Dbtr><Nm>Flavio Imparato</Nm><PstlAdr><StrtNm>Reckholderfeldstrasse</StrtNm><BldgNb>18</BldgNb><PstCd>8422</PstCd><TwnNm>Pfungen</TwnNm><Ctry>CH</Ctry></PstlAdr></Dbtr><DbtrAcct><Id><IBAN>CH2000700110007078341</IBAN></Id></DbtrAcct><CdtrAcct><Id><IBAN>CH9530000002414939852</IBAN></Id></CdtrAcct></RltdPties><RltdAgts><DbtrAgt><FinInstnId><ClrSysMmbId><MmbId>700</MmbId></ClrSysMmbId><Nm>Zürcher Kantonalbank</Nm><PstlAdr><AdrLine>8010 Zürich</AdrLine></PstlAdr></FinInstnId></DbtrAgt></RltdAgts><RmtInf><Strd><CdtrRefInf><Tp><CdOrPrtry><Prtry>QRR</Prtry></CdOrPrtry></Tp><Ref>000000000000000000000004234</Ref></CdtrRefInf><AddtlRmtInf>?REJECT?0</AddtlRmtInf><AddtlRmtInf>?ERROR?000</AddtlRmtInf></Strd></RmtInf><RltdDts><AccptncDtTm>2022-08-22T20:00:00</AccptncDtTm></RltdDts></TxDtls><TxDtls><Refs><AcctSvcrRef>220822CH093IDJUO</AcctSvcrRef><InstrId>223492369410001</InstrId><EndToEndId>NOTPROVIDED</EndToEndId><Prtry><Tp>00</Tp><Ref>20220822375204565784446</Ref></Prtry></Refs><Amt Ccy="CHF">21.40</Amt><CdtDbtInd>CRDT</CdtDbtInd><BkTxCd><Domn><Cd>PMNT</Cd><Fmly><Cd>RCDT</Cd><SubFmlyCd>ATXN</SubFmlyCd></Fmly></Domn></BkTxCd><RltdPties><Dbtr><Nm>Ernst Sulzbacher</Nm><PstlAdr><StrtNm>Am Giessenpark</StrtNm><BldgNb>9</BldgNb><PstCd>8600</PstCd><TwnNm>Duebendorf</TwnNm><Ctry>CH</Ctry></PstlAdr></Dbtr><DbtrAcct><Id><IBAN>CH2700700114802311433</IBAN></Id></DbtrAcct><UltmtDbtr><Nm>Ernst Sulzbacher</Nm><PstlAdr><AdrLine>Am Giessenpark 9</AdrLine><AdrLine>8600 Duebendorf</AdrLine></PstlAdr></UltmtDbtr><CdtrAcct><Id><IBAN>CH9530000002414939852</IBAN></Id></CdtrAcct></RltdPties><RltdAgts><DbtrAgt><FinInstnId><ClrSysMmbId><MmbId>700</MmbId></ClrSysMmbId><Nm>Zürcher Kantonalbank</Nm><PstlAdr><AdrLine>8010 Zürich</AdrLine></PstlAdr></FinInstnId></DbtrAgt></RltdAgts><RmtInf><Strd><CdtrRefInf><Tp><CdOrPrtry><Prtry>QRR</Prtry></CdOrPrtry></Tp><Ref>000000000000000000000004540</Ref></CdtrRefInf><AddtlRmtInf>?REJECT?0</AddtlRmtInf><AddtlRmtInf>?ERROR?000</AddtlRmtInf><AddtlRmtInf>3538</AddtlRmtInf></Strd></RmtInf><RltdDts><AccptncDtTm>2022-08-22T20:00:00</AccptncDtTm></RltdDts></TxDtls><TxDtls><Refs><AcctSvcrRef>220822CH093J0KSI</AcctSvcrRef><InstrId>07842654BC1D19ED</InstrId><EndToEndId>541600000566434286</EndToEndId><Prtry><Tp>00</Tp><Ref>20220822375204566262776</Ref></Prtry></Refs><Amt Ccy="CHF">61.60</Amt><CdtDbtInd>CRDT</CdtDbtInd><BkTxCd><Domn><Cd>PMNT</Cd><Fmly><Cd>RCDT</Cd><SubFmlyCd>ATXN</SubFmlyCd></Fmly></Domn></BkTxCd><RltdPties><Dbtr><Nm>Tanja Rothermann</Nm><PstlAdr><StrtNm>Zelgli</StrtNm><BldgNb>41</BldgNb><PstCd>3754</PstCd><TwnNm>Diemtigen</TwnNm><Ctry>CH</Ctry></PstlAdr></Dbtr><DbtrAcct><Id><IBAN>CH6100790042724504487</IBAN></Id></DbtrAcct><UltmtDbtr><Nm>Tanja Rothermann</Nm><PstlAdr><StrtNm>Zelgli</StrtNm><BldgNb>41</BldgNb><PstCd>3754</PstCd><TwnNm>Diemtigen</TwnNm><Ctry>CH</Ctry></PstlAdr></UltmtDbtr><CdtrAcct><Id><IBAN>CH9530000002414939852</IBAN></Id></CdtrAcct></RltdPties><RltdAgts><DbtrAgt><FinInstnId><ClrSysMmbId><MmbId>79030</MmbId></ClrSysMmbId><Nm>Berner Kantonalbank AG</Nm><PstlAdr><AdrLine>3700 Spiez</AdrLine></PstlAdr></FinInstnId></DbtrAgt></RltdAgts><RmtInf><Strd><CdtrRefInf><Tp><CdOrPrtry><Prtry>QRR</Prtry></CdOrPrtry></Tp><Ref>000000000000000000000004722</Ref></CdtrRefInf><AddtlRmtInf>?REJECT?0</AddtlRmtInf><AddtlRmtInf>?ERROR?000</AddtlRmtInf><AddtlRmtInf>3546</AddtlRmtInf></Strd></RmtInf><RltdDts><AccptncDtTm>2022-08-22T20:00:00</AccptncDtTm></RltdDts></TxDtls></NtryDtls><AddtlNtryInf>SAMMELGUTSCHRIFT FÜR KONTO: CH9530000002414939852 VERARBEITUNG VOM 22.08.2022 PAKET ID: 220822CH00000BDE</AddtlNtryInf></Ntry></Ntfctn></BkToCstmrDbtCdtNtfctn></Document>
