<?xml version="1.0" encoding="UTF-8"?>
<Document xmlns="urn:iso:std:iso:20022:tech:xsd:camt.054.001.04" xmlns:xsi="http://www.w3.org/2001/XMLSchema-instance" xsi:schemaLocation="urn:iso:std:iso:20022:tech:xsd:camt.054.001.04 camt.054.001.04.xsd"><BkToCstmrDbtCdtNtfctn><GrpHdr><MsgId>20221017375204951662295</MsgId><CreDtTm>2022-10-17T23:39:29</CreDtTm><MsgPgntn><PgNb>1</PgNb><LastPgInd>true</LastPgInd></MsgPgntn><AddtlInf>SPS/1.7/PROD</AddtlInf></GrpHdr><Ntfctn><Id>20221017375204951662296</Id><CreDtTm>2022-10-17T23:39:29</CreDtTm><FrToDt><FrDtTm>2022-10-15T00:00:00</FrDtTm><ToDtTm>2022-10-17T23:59:59</ToDtTm></FrToDt><RptgSrc><Prtry>OTHR</Prtry></RptgSrc><Acct><Id><IBAN>CH9209000000414939852</IBAN></Id><Ownr><Nm>eversmart products Handels GmbH Pfäffikon SZ</Nm></Ownr></Acct><Ntry><NtryRef>CH9530000002414939852</NtryRef><Amt Ccy="CHF">299.50</Amt><CdtDbtInd>CRDT</CdtDbtInd><RvslInd>false</RvslInd><Sts>BOOK</Sts><BookgDt><Dt>2022-10-17</Dt></BookgDt><ValDt><Dt>2022-10-17</Dt></ValDt><AcctSvcrRef>290220009CGMP27U</AcctSvcrRef><BkTxCd><Domn><Cd>PMNT</Cd><Fmly><Cd>RCDT</Cd><SubFmlyCd>VCOM</SubFmlyCd></Fmly></Domn></BkTxCd><NtryDtls><Btch><NbOfTxs>4</NbOfTxs></Btch><TxDtls><Refs><AcctSvcrRef>221017CH09CBI3N8</AcctSvcrRef><InstrId>16973018489/4XXX</InstrId><EndToEndId>NOTPROVIDED</EndToEndId><Prtry><Tp>00</Tp><Ref>20221017375204628911959</Ref></Prtry></Refs><Amt Ccy="CHF">99.90</Amt><CdtDbtInd>CRDT</CdtDbtInd><BkTxCd><Domn><Cd>PMNT</Cd><Fmly><Cd>RCDT</Cd><SubFmlyCd>ATXN</SubFmlyCd></Fmly></Domn></BkTxCd><RltdPties><Dbtr><Nm>Rafaela Larsonneur</Nm><PstlAdr><AdrLine>Sundgauerstrasse 35</AdrLine><AdrLine>4106 Therwil</AdrLine></PstlAdr></Dbtr><DbtrAcct><Id><IBAN>CH1180808002185734371</IBAN></Id></DbtrAcct><CdtrAcct><Id><IBAN>CH9530000002414939852</IBAN></Id></CdtrAcct></RltdPties><RltdAgts><DbtrAgt><FinInstnId><ClrSysMmbId><MmbId>80775</MmbId></ClrSysMmbId><Nm>Raiffeisenbank Allschwil- Schönenbuch</Nm><PstlAdr><AdrLine>Baslerstrasse 70</AdrLine><AdrLine>4123 Allschwil</AdrLine></PstlAdr></FinInstnId></DbtrAgt></RltdAgts><RmtInf><Strd><CdtrRefInf><Tp><CdOrPrtry><Prtry>QRR</Prtry></CdOrPrtry></Tp><Ref>000000000000000000000005628</Ref></CdtrRefInf><AddtlRmtInf>?REJECT?0</AddtlRmtInf><AddtlRmtInf>?ERROR?000</AddtlRmtInf><AddtlRmtInf>6866</AddtlRmtInf></Strd></RmtInf><RltdDts><AccptncDtTm>2022-10-17T20:00:00</AccptncDtTm></RltdDts></TxDtls><TxDtls><Refs><AcctSvcrRef>221017CH09CBR3ZB</AcctSvcrRef><InstrId>16973263471/6XXX</InstrId><EndToEndId>NOTPROVIDED</EndToEndId><Prtry><Tp>00</Tp><Ref>20221017375204629377497</Ref></Prtry></Refs><Amt Ccy="CHF">59.90</Amt><CdtDbtInd>CRDT</CdtDbtInd><BkTxCd><Domn><Cd>PMNT</Cd><Fmly><Cd>RCDT</Cd><SubFmlyCd>ATXN</SubFmlyCd></Fmly></Domn></BkTxCd><RltdPties><Dbtr><Nm>Sira Wider</Nm><PstlAdr><AdrLine>Alpenstrasse 121</AdrLine><AdrLine>3052 Zollikofen</AdrLine></PstlAdr></Dbtr><DbtrAcct><Id><IBAN>CH4280808007116001895</IBAN></Id></DbtrAcct><UltmtDbtr><Nm>sira wider</Nm><PstlAdr><AdrLine>alpenstr. 121</AdrLine><AdrLine>3052 Zollikofen</AdrLine></PstlAdr></UltmtDbtr><CdtrAcct><Id><IBAN>CH9530000002414939852</IBAN></Id></CdtrAcct></RltdPties><RltdAgts><DbtrAgt><FinInstnId><ClrSysMmbId><MmbId>80901</MmbId></ClrSysMmbId><Nm>Raiffeisenbank Freiburg Ost / Fribourg Est</Nm><PstlAdr><AdrLine>Bahnhofplatz 1</AdrLine><AdrLine>3186 Düdingen</AdrLine></PstlAdr></FinInstnId></DbtrAgt></RltdAgts><RmtInf><Strd><CdtrRefInf><Tp><CdOrPrtry><Prtry>QRR</Prtry></CdOrPrtry></Tp><Ref>000000000000000000000005784</Ref></CdtrRefInf><AddtlRmtInf>?REJECT?0</AddtlRmtInf><AddtlRmtInf>?ERROR?000</AddtlRmtInf><AddtlRmtInf>6878</AddtlRmtInf></Strd></RmtInf><RltdDts><AccptncDtTm>2022-10-17T20:00:00</AccptncDtTm></RltdDts></TxDtls><TxDtls><Refs><AcctSvcrRef>221017CH09CBUP8X</AcctSvcrRef><InstrId>16973244162/4XXX</InstrId><EndToEndId>NOTPROVIDED</EndToEndId><Prtry><Tp>00</Tp><Ref>20221017375204629391765</Ref></Prtry></Refs><Amt Ccy="CHF">59.90</Amt><CdtDbtInd>CRDT</CdtDbtInd><BkTxCd><Domn><Cd>PMNT</Cd><Fmly><Cd>RCDT</Cd><SubFmlyCd>ATXN</SubFmlyCd></Fmly></Domn></BkTxCd><RltdPties><Dbtr><Nm>Hansjoerg Buergi</Nm><PstlAdr><AdrLine>Buerenweg 5a</AdrLine><AdrLine>4145 Gempen</AdrLine></PstlAdr></Dbtr><DbtrAcct><Id><IBAN>CH9880808006978006844</IBAN></Id></DbtrAcct><CdtrAcct><Id><IBAN>CH9530000002414939852</IBAN></Id></CdtrAcct></RltdPties><RltdAgts><DbtrAgt><FinInstnId><ClrSysMmbId><MmbId>80939</MmbId></ClrSysMmbId><Nm>Raiffeisenbank Dornach</Nm><PstlAdr><AdrLine>Amthausstrasse 12</AdrLine><AdrLine>4143 Dornach</AdrLine></PstlAdr></FinInstnId></DbtrAgt></RltdAgts><RmtInf><Strd><CdtrRefInf><Tp><CdOrPrtry><Prtry>QRR</Prtry></CdOrPrtry></Tp><Ref>000000000000000000000005761</Ref></CdtrRefInf><AddtlRmtInf>?REJECT?0</AddtlRmtInf><AddtlRmtInf>?ERROR?000</AddtlRmtInf><AddtlRmtInf>6876</AddtlRmtInf></Strd></RmtInf><RltdDts><AccptncDtTm>2022-10-17T20:00:00</AccptncDtTm></RltdDts></TxDtls><TxDtls><Refs><AcctSvcrRef>221017CH09CCEFPC</AcctSvcrRef><InstrId>7220290TO3110019</InstrId><EndToEndId>NOTPROVIDED</EndToEndId><Prtry><Tp>00</Tp><Ref>20221017375204629706769</Ref></Prtry></Refs><Amt Ccy="CHF">79.80</Amt><CdtDbtInd>CRDT</CdtDbtInd><BkTxCd><Domn><Cd>PMNT</Cd><Fmly><Cd>RCDT</Cd><SubFmlyCd>ATXN</SubFmlyCd></Fmly></Domn></BkTxCd><RltdPties><Dbtr><Nm>FRANZISCA BAERTSCHI</Nm><PstlAdr><AdrLine>DORFSTRASSE 1A CH 5512 WOHLENSCHWIL</AdrLine></PstlAdr></Dbtr><DbtrAcct><Id><IBAN>CH8000232232412934910</IBAN></Id></DbtrAcct><UltmtDbtr><Nm>FRANZISCA BAERTSCHI</Nm><PstlAdr><AdrLine>DORFSTRASSE 1A</AdrLine><AdrLine>5512 WOHLENSCHWIL</AdrLine></PstlAdr></UltmtDbtr><CdtrAcct><Id><IBAN>CH9530000002414939852</IBAN></Id></CdtrAcct></RltdPties><RltdAgts><DbtrAgt><FinInstnId><ClrSysMmbId><MmbId>232</MmbId></ClrSysMmbId><Nm>UBS Switzerland AG</Nm><PstlAdr><AdrLine>Badstrasse 12</AdrLine><AdrLine>5401 Baden</AdrLine></PstlAdr></FinInstnId></DbtrAgt></RltdAgts><RmtInf><Strd><CdtrRefInf><Tp><CdOrPrtry><Prtry>QRR</Prtry></CdOrPrtry></Tp><Ref>000000000000000000000006090</Ref></CdtrRefInf><AddtlRmtInf>?REJECT?0</AddtlRmtInf><AddtlRmtInf>?ERROR?000</AddtlRmtInf><AddtlRmtInf>6930</AddtlRmtInf></Strd></RmtInf><RltdDts><AccptncDtTm>2022-10-17T20:00:00</AccptncDtTm></RltdDts></TxDtls></NtryDtls><AddtlNtryInf>SAMMELGUTSCHRIFT FÜR KONTO: CH9530000002414939852 VERARBEITUNG VOM 17.10.2022 PAKET ID: 221017CH00000DL1</AddtlNtryInf></Ntry></Ntfctn></BkToCstmrDbtCdtNtfctn></Document>
