<?xml version="1.0" encoding="UTF-8"?>
<Document xmlns="urn:iso:std:iso:20022:tech:xsd:camt.054.001.04" xmlns:xsi="http://www.w3.org/2001/XMLSchema-instance" xsi:schemaLocation="urn:iso:std:iso:20022:tech:xsd:camt.054.001.04 camt.054.001.04.xsd"><BkToCstmrDbtCdtNtfctn><GrpHdr><MsgId>20220824375204909484554</MsgId><CreDtTm>2022-08-24T23:38:55</CreDtTm><MsgPgntn><PgNb>1</PgNb><LastPgInd>true</LastPgInd></MsgPgntn><AddtlInf>SPS/1.7/PROD</AddtlInf></GrpHdr><Ntfctn><Id>20220824375204909484558</Id><CreDtTm>2022-08-24T23:38:55</CreDtTm><FrToDt><FrDtTm>2022-08-24T00:00:00</FrDtTm><ToDtTm>2022-08-24T23:59:59</ToDtTm></FrToDt><RptgSrc><Prtry>OTHR</Prtry></RptgSrc><Acct><Id><IBAN>CH9209000000414939852</IBAN></Id><Ownr><Nm>eversmart products Handels GmbH Pfäffikon SZ</Nm></Ownr></Acct><Ntry><NtryRef>CH9530000002414939852</NtryRef><Amt Ccy="CHF">533.50</Amt><CdtDbtInd>CRDT</CdtDbtInd><RvslInd>false</RvslInd><Sts>BOOK</Sts><BookgDt><Dt>2022-08-24</Dt></BookgDt><ValDt><Dt>2022-08-24</Dt></ValDt><AcctSvcrRef>23622000940MGO2U</AcctSvcrRef><BkTxCd><Domn><Cd>PMNT</Cd><Fmly><Cd>RCDT</Cd><SubFmlyCd>VCOM</SubFmlyCd></Fmly></Domn></BkTxCd><Chrgs><TtlChrgsAndTaxAmt Ccy="CHF">1.20</TtlChrgsAndTaxAmt><Rcrd><Amt Ccy="CHF">1.20</Amt><CdtDbtInd>DBIT</CdtDbtInd><ChrgInclInd>false</ChrgInclInd><Tp><Prtry><Id>2</Id></Prtry></Tp></Rcrd></Chrgs><NtryDtls><Btch><NbOfTxs>5</NbOfTxs></Btch><TxDtls><Refs><AcctSvcrRef>220824CH093TY0K2</AcctSvcrRef><InstrId>DZ41735P17823103</InstrId><EndToEndId>NOTPROVIDED</EndToEndId><Prtry><Tp>00</Tp><Ref>20220824375204567323016</Ref></Prtry></Refs><Amt Ccy="CHF">109.80</Amt><CdtDbtInd>CRDT</CdtDbtInd><BkTxCd><Domn><Cd>PMNT</Cd><Fmly><Cd>RCDT</Cd><SubFmlyCd>ATXN</SubFmlyCd></Fmly></Domn></BkTxCd><RltdPties><Dbtr><Nm>MARIANNE BLUNIER</Nm><PstlAdr><AdrLine>MUEHLEGASSE 1 CH 3210 KERZERS</AdrLine></PstlAdr></Dbtr><DbtrAcct><Id><IBAN>CH970023523535010840E</IBAN></Id></DbtrAcct><UltmtDbtr><Nm>MARIANNE BLUNIER</Nm><PstlAdr><AdrLine>MUEHLEGASSE 1</AdrLine><AdrLine>3210 KERZERS</AdrLine></PstlAdr></UltmtDbtr><CdtrAcct><Id><IBAN>CH9530000002414939852</IBAN></Id></CdtrAcct></RltdPties><RltdAgts><DbtrAgt><FinInstnId><ClrSysMmbId><MmbId>235</MmbId></ClrSysMmbId><Nm>UBS Switzerland AG</Nm><PstlAdr><AdrLine>Bubenbergplatz 3</AdrLine><AdrLine>3000 Bern 94</AdrLine></PstlAdr></FinInstnId></DbtrAgt></RltdAgts><RmtInf><Strd><CdtrRefInf><Tp><CdOrPrtry><Prtry>QRR</Prtry></CdOrPrtry></Tp><Ref>000000000000000000000004574</Ref></CdtrRefInf><AddtlRmtInf>?REJECT?0</AddtlRmtInf><AddtlRmtInf>?ERROR?000</AddtlRmtInf><AddtlRmtInf>6773</AddtlRmtInf></Strd></RmtInf><RltdDts><AccptncDtTm>2022-08-24T20:00:00</AccptncDtTm></RltdDts></TxDtls><TxDtls><Refs><AcctSvcrRef>220824CH093UZ46C</AcctSvcrRef><InstrId>20220823740307000100043</InstrId><Prtry><Tp>00</Tp><Ref>20220823740307000100043</Ref></Prtry></Refs><Amt Ccy="CHF">29.90</Amt><CdtDbtInd>CRDT</CdtDbtInd><BkTxCd><Domn><Cd>PMNT</Cd><Fmly><Cd>CNTR</Cd><SubFmlyCd>CDPT</SubFmlyCd></Fmly></Domn></BkTxCd><Chrgs><TtlChrgsAndTaxAmt Ccy="CHF">1.20</TtlChrgsAndTaxAmt><Rcrd><Amt Ccy="CHF">1.20</Amt><CdtDbtInd>DBIT</CdtDbtInd><ChrgInclInd>false</ChrgInclInd><Tp><Prtry><Id>2</Id></Prtry></Tp></Rcrd></Chrgs><RltdPties><UltmtDbtr><Nm>Vera Baumann</Nm><PstlAdr><AdrLine>kanonenstrasse 6 wohnung</AdrLine><AdrLine>6003 luzern</AdrLine></PstlAdr></UltmtDbtr><CdtrAcct><Id><IBAN>CH9530000002414939852</IBAN></Id></CdtrAcct></RltdPties><RltdAgts><DbtrAgt><FinInstnId><BICFI>POFICHBEXXX</BICFI><Nm>POSTFINANCE AG</Nm><PstlAdr><AdrLine>MINGERSTRASSE , 20</AdrLine><AdrLine>3030 BERN</AdrLine></PstlAdr></FinInstnId></DbtrAgt></RltdAgts><RmtInf><Strd><CdtrRefInf><Tp><CdOrPrtry><Prtry>QRR</Prtry></CdOrPrtry></Tp><Ref>000000000000000000000004551</Ref></CdtrRefInf><AddtlRmtInf>?REJECT?0</AddtlRmtInf><AddtlRmtInf>?ERROR?000</AddtlRmtInf><AddtlRmtInf>6772</AddtlRmtInf></Strd></RmtInf><RltdDts><AccptncDtTm>2022-08-23T20:00:00</AccptncDtTm></RltdDts></TxDtls><TxDtls><Refs><AcctSvcrRef>220824CH093XIKF2</AcctSvcrRef><InstrId>16834159841/6XXX</InstrId><EndToEndId>NOTPROVIDED</EndToEndId><Prtry><Tp>00</Tp><Ref>20220824375204568155063</Ref></Prtry></Refs><Amt Ccy="CHF">184.10</Amt><CdtDbtInd>CRDT</CdtDbtInd><BkTxCd><Domn><Cd>PMNT</Cd><Fmly><Cd>RCDT</Cd><SubFmlyCd>ATXN</SubFmlyCd></Fmly></Domn></BkTxCd><RltdPties><Dbtr><Nm>Martina Lea Ackermann</Nm><PstlAdr><AdrLine>Werftstrasse 4</AdrLine><AdrLine>9320 Arbon</AdrLine></PstlAdr></Dbtr><DbtrAcct><Id><IBAN>CH8180808009009136128</IBAN></Id></DbtrAcct><CdtrAcct><Id><IBAN>CH9530000002414939852</IBAN></Id></CdtrAcct></RltdPties><RltdAgts><DbtrAgt><FinInstnId><ClrSysMmbId><MmbId>81398</MmbId></ClrSysMmbId><Nm>Raiffeisenbank Neukirch-Romanshorn</Nm><PstlAdr><AdrLine>Amriswilerstrasse 2a</AdrLine><AdrLine>9315 Neukirch (Egnach)</AdrLine></PstlAdr></FinInstnId></DbtrAgt></RltdAgts><RmtInf><Strd><CdtrRefInf><Tp><CdOrPrtry><Prtry>QRR</Prtry></CdOrPrtry></Tp><Ref>000000000000000000000004620</Ref></CdtrRefInf><AddtlRmtInf>?REJECT?0</AddtlRmtInf><AddtlRmtInf>?ERROR?000</AddtlRmtInf><AddtlRmtInf>Rechnung RE-00462 Ihre Bestellung b ei Roadtrip77.ch 3540</AddtlRmtInf></Strd></RmtInf><RltdDts><AccptncDtTm>2022-08-24T20:00:00</AccptncDtTm></RltdDts></TxDtls><TxDtls><Refs><AcctSvcrRef>220824CH093TXZ4Y</AcctSvcrRef><InstrId>DZ41735P17823102</InstrId><EndToEndId>NOTPROVIDED</EndToEndId><Prtry><Tp>00</Tp><Ref>20220824375204567312546</Ref></Prtry></Refs><Amt Ccy="CHF">109.80</Amt><CdtDbtInd>CRDT</CdtDbtInd><BkTxCd><Domn><Cd>PMNT</Cd><Fmly><Cd>RCDT</Cd><SubFmlyCd>ATXN</SubFmlyCd></Fmly></Domn></BkTxCd><RltdPties><Dbtr><Nm>MARIANNE BLUNIER</Nm><PstlAdr><AdrLine>MUEHLEGASSE 1 CH 3210 KERZERS</AdrLine></PstlAdr></Dbtr><DbtrAcct><Id><IBAN>CH970023523535010840E</IBAN></Id></DbtrAcct><UltmtDbtr><Nm>MARIANNE BLUNIER</Nm><PstlAdr><AdrLine>MUHLEGASSE 1</AdrLine><AdrLine>3210 KERZERS</AdrLine></PstlAdr></UltmtDbtr><CdtrAcct><Id><IBAN>CH9530000002414939852</IBAN></Id></CdtrAcct></RltdPties><RltdAgts><DbtrAgt><FinInstnId><ClrSysMmbId><MmbId>235</MmbId></ClrSysMmbId><Nm>UBS Switzerland AG</Nm><PstlAdr><AdrLine>Bubenbergplatz 3</AdrLine><AdrLine>3000 Bern 94</AdrLine></PstlAdr></FinInstnId></DbtrAgt></RltdAgts><RmtInf><Strd><CdtrRefInf><Tp><CdOrPrtry><Prtry>QRR</Prtry></CdOrPrtry></Tp><Ref>000000000000000000000004574</Ref></CdtrRefInf><AddtlRmtInf>?REJECT?0</AddtlRmtInf><AddtlRmtInf>?ERROR?000</AddtlRmtInf><AddtlRmtInf>6773</AddtlRmtInf></Strd></RmtInf><RltdDts><AccptncDtTm>2022-08-24T20:00:00</AccptncDtTm></RltdDts></TxDtls><TxDtls><Refs><AcctSvcrRef>220824CH093YS2O3</AcctSvcrRef><InstrId>20824715161.0012</InstrId><EndToEndId>NOTPROVIDED</EndToEndId><Prtry><Tp>00</Tp><Ref>20220824375204568299885</Ref></Prtry></Refs><Amt Ccy="CHF">99.90</Amt><CdtDbtInd>CRDT</CdtDbtInd><BkTxCd><Domn><Cd>PMNT</Cd><Fmly><Cd>RCDT</Cd><SubFmlyCd>ATXN</SubFmlyCd></Fmly></Domn></BkTxCd><RltdPties><Dbtr><Nm>Lelina Sascia Hauser</Nm><PstlAdr><AdrLine>Haus am See 7</AdrLine><AdrLine>8872 Weesen</AdrLine></PstlAdr></Dbtr><DbtrAcct><Id><IBAN>CH1100773000526515145</IBAN></Id></DbtrAcct><CdtrAcct><Id><IBAN>CH9530000002414939852</IBAN></Id></CdtrAcct></RltdPties><RltdAgts><DbtrAgt><FinInstnId><ClrSysMmbId><MmbId>773</MmbId></ClrSysMmbId><Nm>Glarner Kantonalbank</Nm><PstlAdr><AdrLine>8750 Glarus</AdrLine></PstlAdr></FinInstnId></DbtrAgt></RltdAgts><RmtInf><Strd><CdtrRefInf><Tp><CdOrPrtry><Prtry>QRR</Prtry></CdOrPrtry></Tp><Ref>000000000000000000000004825</Ref></CdtrRefInf><AddtlRmtInf>?REJECT?0</AddtlRmtInf><AddtlRmtInf>?ERROR?000</AddtlRmtInf><AddtlRmtInf>Rechnungsnummer: RE-00482</AddtlRmtInf></Strd></RmtInf><RltdDts><AccptncDtTm>2022-08-24T20:00:00</AccptncDtTm></RltdDts></TxDtls></NtryDtls><AddtlNtryInf>SAMMELGUTSCHRIFT FÜR KONTO: CH9530000002414939852 VERARBEITUNG VOM 24.08.2022 PAKET ID: 220824CH00000CG7</AddtlNtryInf></Ntry></Ntfctn></BkToCstmrDbtCdtNtfctn></Document>
