<?xml version="1.0" encoding="UTF-8"?>
<Document xmlns="urn:iso:std:iso:20022:tech:xsd:camt.053.001.04" xmlns:xsi="http://www.w3.org/2001/XMLSchema-instance" xsi:schemaLocation="urn:iso:std:iso:20022:tech:xsd:camt.053.001.04 camt.053.001.04.xsd"><BkToCstmrStmt><GrpHdr><MsgId>20221024375204957141035</MsgId><CreDtTm>2022-10-25T02:08:21</CreDtTm><MsgPgntn><PgNb>1</PgNb><LastPgInd>true</LastPgInd></MsgPgntn><AddtlInf>SPS/1.7/PROD</AddtlInf></GrpHdr><Stmt><Id>20221024375204957141048</Id><ElctrncSeqNb>208</ElctrncSeqNb><CreDtTm>2022-10-25T02:08:21</CreDtTm><FrToDt><FrDtTm>2022-10-22T00:00:00</FrDtTm><ToDtTm>2022-10-24T23:59:59</ToDtTm></FrToDt><Acct><Id><IBAN>CH9209000000414939852</IBAN></Id><Ownr><Nm>eversmart products Handels GmbH Pfäffikon SZ</Nm></Ownr></Acct><Bal><Tp><CdOrPrtry><Cd>OPBD</Cd></CdOrPrtry></Tp><Amt Ccy="CHF">63848.14</Amt><CdtDbtInd>CRDT</CdtDbtInd><Dt><Dt>2022-10-22</Dt></Dt></Bal><Bal><Tp><CdOrPrtry><Cd>CLBD</Cd></CdOrPrtry></Tp><Amt Ccy="CHF">66510.17</Amt><CdtDbtInd>CRDT</CdtDbtInd><Dt><Dt>2022-10-24</Dt></Dt></Bal><Bal><Tp><CdOrPrtry><Cd>CLAV</Cd></CdOrPrtry></Tp><Amt Ccy="CHF">66510.17</Amt><CdtDbtInd>CRDT</CdtDbtInd><Dt><Dt>2022-10-24</Dt></Dt></Bal><Bal><Tp><CdOrPrtry><Cd>FWAV</Cd></CdOrPrtry></Tp><Amt Ccy="CHF">63149.97</Amt><CdtDbtInd>CRDT</CdtDbtInd><Dt><Dt>2022-10-25</Dt></Dt></Bal><Ntry><Amt Ccy="CHF">79.90</Amt><CdtDbtInd>CRDT</CdtDbtInd><RvslInd>false</RvslInd><Sts>BOOK</Sts><BookgDt><Dt>2022-10-22</Dt></BookgDt><ValDt><Dt>2022-10-24</Dt></ValDt><AcctSvcrRef>2952400284177039</AcctSvcrRef><BkTxCd><Domn><Cd>PMNT</Cd><Fmly><Cd>MCRD</Cd><SubFmlyCd>POSP</SubFmlyCd></Fmly></Domn></BkTxCd><NtryDtls><TxDtls><Refs><AcctSvcrRef>2952400284177039</AcctSvcrRef></Refs><Amt Ccy="CHF">79.90</Amt><CdtDbtInd>CRDT</CdtDbtInd></TxDtls></NtryDtls><AddtlNtryInf>GUTSCHRIFT E-PAYMENT-TRANSAKTIONEN POSTFINANCE CARD EINLIEFERUNG VOM 21.10.2022 EVERSMART PRODUCTS HANDELS GMBH PFAQ08TX0000001 HTTPS://KNIRSCHFREI.CH</AddtlNtryInf></Ntry><Ntry><Amt Ccy="CHF">179.70</Amt><CdtDbtInd>CRDT</CdtDbtInd><RvslInd>false</RvslInd><Sts>BOOK</Sts><BookgDt><Dt>2022-10-22</Dt></BookgDt><ValDt><Dt>2022-10-24</Dt></ValDt><AcctSvcrRef>2952400284181250</AcctSvcrRef><BkTxCd><Domn><Cd>PMNT</Cd><Fmly><Cd>MCRD</Cd><SubFmlyCd>POSP</SubFmlyCd></Fmly></Domn></BkTxCd><NtryDtls><TxDtls><Refs><AcctSvcrRef>2952400284181250</AcctSvcrRef></Refs><Amt Ccy="CHF">179.70</Amt><CdtDbtInd>CRDT</CdtDbtInd></TxDtls></NtryDtls><AddtlNtryInf>GUTSCHRIFT E-PAYMENT-TRANSAKTIONEN POSTFINANCE CARD EINLIEFERUNG VOM 21.10.2022 EVERSMART PRODUCTS HANDELS GMBH PFAQ08S00000001 WWW.LOEWENHAAR.CH</AddtlNtryInf></Ntry><Ntry><Amt Ccy="CHF">42.40</Amt><CdtDbtInd>CRDT</CdtDbtInd><RvslInd>false</RvslInd><Sts>BOOK</Sts><BookgDt><Dt>2022-10-23</Dt></BookgDt><ValDt><Dt>2022-10-24</Dt></ValDt><AcctSvcrRef>2962400285928011</AcctSvcrRef><BkTxCd><Domn><Cd>PMNT</Cd><Fmly><Cd>MCRD</Cd><SubFmlyCd>POSP</SubFmlyCd></Fmly></Domn></BkTxCd><NtryDtls><TxDtls><Refs><AcctSvcrRef>2962400285928011</AcctSvcrRef></Refs><Amt Ccy="CHF">42.40</Amt><CdtDbtInd>CRDT</CdtDbtInd></TxDtls></NtryDtls><AddtlNtryInf>GUTSCHRIFT E-PAYMENT-TRANSAKTIONEN POSTFINANCE CARD EINLIEFERUNG VOM 22.10.2022 EVERSMART PRODUCTS HANDELS GMBH PFAQ08RZ0000001 WWW.HAPPYSMELL.CH</AddtlNtryInf></Ntry><Ntry><Amt Ccy="CHF">56.90</Amt><CdtDbtInd>CRDT</CdtDbtInd><RvslInd>false</RvslInd><Sts>BOOK</Sts><BookgDt><Dt>2022-10-23</Dt></BookgDt><ValDt><Dt>2022-10-24</Dt></ValDt><AcctSvcrRef>2962400285928035</AcctSvcrRef><BkTxCd><Domn><Cd>PMNT</Cd><Fmly><Cd>MCRD</Cd><SubFmlyCd>POSP</SubFmlyCd></Fmly></Domn></BkTxCd><NtryDtls><TxDtls><Refs><AcctSvcrRef>2962400285928035</AcctSvcrRef></Refs><Amt Ccy="CHF">56.90</Amt><CdtDbtInd>CRDT</CdtDbtInd></TxDtls></NtryDtls><AddtlNtryInf>GUTSCHRIFT E-PAYMENT-TRANSAKTIONEN POSTFINANCE CARD EINLIEFERUNG VOM 22.10.2022 EVERSMART PRODUCTS HANDELS GMBH PFAQ08TW0000001 HTTPS://WWW.SANACLIP.CH</AddtlNtryInf></Ntry><Ntry><Amt Ccy="CHF">938.00</Amt><CdtDbtInd>DBIT</CdtDbtInd><RvslInd>false</RvslInd><Sts>BOOK</Sts><BookgDt><Dt>2022-10-24</Dt></BookgDt><ValDt><Dt>2022-10-24</Dt></ValDt><AcctSvcrRef>297220009CYLM86K</AcctSvcrRef><BkTxCd><Domn><Cd>PMNT</Cd><Fmly><Cd>ICDT</Cd><SubFmlyCd>DMCT</SubFmlyCd></Fmly></Domn></BkTxCd><NtryDtls><TxDtls><Refs><AcctSvcrRef>25-679946037-1</AcctSvcrRef><PmtInfId>25:679946037</PmtInfId><InstrId>20221021000800903771093</InstrId></Refs><Amt Ccy="CHF">938.00</Amt><CdtDbtInd>DBIT</CdtDbtInd><BkTxCd><Domn><Cd>PMNT</Cd><Fmly><Cd>ICDT</Cd><SubFmlyCd>DMCT</SubFmlyCd></Fmly></Domn></BkTxCd><RltdPties><Cdtr><Nm>Sergey Polovinkin</Nm><PstlAdr><Ctry>CH</Ctry></PstlAdr></Cdtr><CdtrAcct><Id><IBAN>CH0200788000050238737</IBAN></Id></CdtrAcct></RltdPties><RltdAgts><CdtrAgt><FinInstnId><BICFI>BCGECHGGXXX</BICFI><Nm>Banque Cantonale de Genève</Nm><PstlAdr><Ctry>CH</Ctry><AdrLine>1211 Genève 2</AdrLine></PstlAdr></FinInstnId></CdtrAgt></RltdAgts><RmtInf><Ustrd>RE-91774</Ustrd><Strd><AddtlRmtInf>RE-91774</AddtlRmtInf></Strd></RmtInf></TxDtls></NtryDtls><AddtlNtryInf>LASTSCHRIFT BANQUE CANTONALE DE GENÈVE 1211 GENÈVE 2 CH0200788000050238737 SERGEY POLOVINKIN SENDER REFERENZ: RE-91774 20221021000800903771093</AddtlNtryInf></Ntry><Ntry><NtryRef>CH9209000000414939852</NtryRef><Amt Ccy="CHF">59.90</Amt><CdtDbtInd>CRDT</CdtDbtInd><RvslInd>false</RvslInd><Sts>BOOK</Sts><BookgDt><Dt>2022-10-24</Dt></BookgDt><ValDt><Dt>2022-10-24</Dt></ValDt><AcctSvcrRef>297220109D7CLZQK</AcctSvcrRef><BkTxCd><Domn><Cd>PMNT</Cd><Fmly><Cd>RCDT</Cd><SubFmlyCd>ATXN</SubFmlyCd></Fmly></Domn></BkTxCd><NtryDtls><Btch><NbOfTxs>1</NbOfTxs></Btch><TxDtls><Refs><AcctSvcrRef>221024CH09D7CLZQ</AcctSvcrRef><InstrId>16986883642/4XXX</InstrId><EndToEndId>NOTPROVIDED</EndToEndId><Prtry><Tp>00</Tp><Ref>221024CH09D7CLZQ</Ref></Prtry></Refs><Amt Ccy="CHF">59.90</Amt><CdtDbtInd>CRDT</CdtDbtInd><BkTxCd><Domn><Cd>PMNT</Cd><Fmly><Cd>RCDT</Cd><SubFmlyCd>ATXN</SubFmlyCd></Fmly></Domn></BkTxCd><RltdPties><Dbtr><Nm>Thomas Ramseier</Nm><PstlAdr><AdrLine>Naters 144e</AdrLine><AdrLine>3618 Suederen</AdrLine></PstlAdr></Dbtr><DbtrAcct><Id><IBAN>CH1880808008423827331</IBAN></Id></DbtrAcct><CdtrAcct><Id><IBAN>CH9209000000414939852</IBAN></Id></CdtrAcct></RltdPties><RltdAgts><DbtrAgt><FinInstnId><ClrSysMmbId><MmbId>80882</MmbId></ClrSysMmbId><Nm>Raiffeisenbank Oberes Emmental</Nm><PstlAdr><AdrLine>Dorfstrasse 1</AdrLine><AdrLine>3550 Langnau i.E.</AdrLine></PstlAdr></FinInstnId></DbtrAgt></RltdAgts><RmtInf><Strd><AddtlRmtInf>?REJECT?0</AddtlRmtInf><AddtlRmtInf>?ERROR?000</AddtlRmtInf></Strd></RmtInf><RltdDts><AccptncDtTm>2022-10-24T20:00:00</AccptncDtTm></RltdDts></TxDtls></NtryDtls><AddtlNtryInf>GUTSCHRIFT AUFTRAGGEBER: THOMAS RAMSEIER NATERS 144E 3618 SUEDEREN REFERENZEN: NOTPROVIDED 16986883642/4XXX 221024CH09D7CLZQ</AddtlNtryInf></Ntry><Ntry><NtryRef>CH9209000000414939852</NtryRef><Amt Ccy="CHF">99.90</Amt><CdtDbtInd>CRDT</CdtDbtInd><RvslInd>false</RvslInd><Sts>BOOK</Sts><BookgDt><Dt>2022-10-24</Dt></BookgDt><ValDt><Dt>2022-10-24</Dt></ValDt><AcctSvcrRef>297220109D3K589K</AcctSvcrRef><BkTxCd><Domn><Cd>PMNT</Cd><Fmly><Cd>RCDT</Cd><SubFmlyCd>AUTT</SubFmlyCd></Fmly></Domn></BkTxCd><NtryDtls><Btch><NbOfTxs>1</NbOfTxs></Btch><TxDtls><Refs><AcctSvcrRef>221021CH09D3K589</AcctSvcrRef><InstrId>20221021000800907132373</InstrId><Prtry><Tp>00</Tp><Ref>221021CH09D3K589</Ref></Prtry></Refs><Amt Ccy="CHF">99.90</Amt><CdtDbtInd>CRDT</CdtDbtInd><BkTxCd><Domn><Cd>PMNT</Cd><Fmly><Cd>RCDT</Cd><SubFmlyCd>AUTT</SubFmlyCd></Fmly></Domn></BkTxCd><RltdPties><Dbtr><Nm>Ruff Stefan</Nm><PstlAdr><StrtNm>Hauptstrasse</StrtNm><BldgNb>72</BldgNb><PstCd>9430</PstCd><TwnNm>St. Margrethen SG</TwnNm><Ctry>CH</Ctry></PstlAdr></Dbtr><DbtrAcct><Id><IBAN>CH9509000000876994933</IBAN></Id></DbtrAcct><CdtrAcct><Id><IBAN>CH9209000000414939852</IBAN></Id></CdtrAcct></RltdPties><RltdAgts><DbtrAgt><FinInstnId><BICFI>POFICHBEXXX</BICFI><Nm>POSTFINANCE AG</Nm><PstlAdr><AdrLine>MINGERSTRASSE 20</AdrLine><AdrLine>3030 BERN</AdrLine></PstlAdr></FinInstnId></DbtrAgt></RltdAgts><RmtInf><Ustrd>RE-94088</Ustrd><Strd><AddtlRmtInf>?REJECT?0</AddtlRmtInf><AddtlRmtInf>?ERROR?000</AddtlRmtInf></Strd></RmtInf><RltdDts><AccptncDtTm>2022-10-24T20:00:00</AccptncDtTm></RltdDts></TxDtls></NtryDtls><AddtlNtryInf>GUTSCHRIFT CH9509000000876994933 ABSENDER: RUFF STEFAN HAUPTSTRASSE 72 9430 ST. MARGRETHEN SG MITTEILUNGEN: RE-94088</AddtlNtryInf></Ntry><Ntry><NtryRef>CH9209000000414939852</NtryRef><Amt Ccy="CHF">178.70</Amt><CdtDbtInd>CRDT</CdtDbtInd><RvslInd>false</RvslInd><Sts>BOOK</Sts><BookgDt><Dt>2022-10-24</Dt></BookgDt><ValDt><Dt>2022-10-24</Dt></ValDt><AcctSvcrRef>297220109D0V2Y4K</AcctSvcrRef><BkTxCd><Domn><Cd>PMNT</Cd><Fmly><Cd>RCDT</Cd><SubFmlyCd>AUTT</SubFmlyCd></Fmly></Domn></BkTxCd><NtryDtls><Btch><NbOfTxs>1</NbOfTxs></Btch><TxDtls><Refs><AcctSvcrRef>221021CH09D0V2Y4</AcctSvcrRef><InstrId>20221021000800904497764</InstrId><Prtry><Tp>00</Tp><Ref>221021CH09D0V2Y4</Ref></Prtry></Refs><Amt Ccy="CHF">178.70</Amt><CdtDbtInd>CRDT</CdtDbtInd><BkTxCd><Domn><Cd>PMNT</Cd><Fmly><Cd>RCDT</Cd><SubFmlyCd>AUTT</SubFmlyCd></Fmly></Domn></BkTxCd><RltdPties><Dbtr><Nm>Ramseier, Mebrhit</Nm><PstlAdr><StrtNm>Kirchfeldstrasse</StrtNm><BldgNb>2</BldgNb><PstCd>6415</PstCd><TwnNm>Arth</TwnNm><Ctry>CH</Ctry></PstlAdr></Dbtr><DbtrAcct><Id><IBAN>CH9409000000405153874</IBAN></Id></DbtrAcct><CdtrAcct><Id><IBAN>CH9209000000414939852</IBAN></Id></CdtrAcct></RltdPties><RltdAgts><DbtrAgt><FinInstnId><BICFI>POFICHBEXXX</BICFI><Nm>POSTFINANCE AG</Nm><PstlAdr><AdrLine>MINGERSTRASSE 20</AdrLine><AdrLine>3030 BERN</AdrLine></PstlAdr></FinInstnId></DbtrAgt></RltdAgts><RmtInf><Strd><AddtlRmtInf>?REJECT?0</AddtlRmtInf><AddtlRmtInf>?ERROR?000</AddtlRmtInf></Strd></RmtInf><RltdDts><AccptncDtTm>2022-10-24T20:00:00</AccptncDtTm></RltdDts></TxDtls></NtryDtls><AddtlNtryInf>GUTSCHRIFT CH9409000000405153874 ABSENDER: RAMSEIER, MEBRHIT KIRCHFELDSTRASSE 2 6415 ARTH</AddtlNtryInf></Ntry><Ntry><NtryRef>CH9209000000414939852</NtryRef><Amt Ccy="CHF">3324.97</Amt><CdtDbtInd>CRDT</CdtDbtInd><RvslInd>false</RvslInd><Sts>BOOK</Sts><BookgDt><Dt>2022-10-24</Dt></BookgDt><ValDt><Dt>2022-10-24</Dt></ValDt><AcctSvcrRef>297220009CZQ13ZK</AcctSvcrRef><BkTxCd><Domn><Cd>PMNT</Cd><Fmly><Cd>RCDT</Cd><SubFmlyCd>AUTT</SubFmlyCd></Fmly></Domn></BkTxCd><NtryDtls><Btch><NbOfTxs>1</NbOfTxs></Btch><TxDtls><Refs><MsgId>TWINT20221020-101-Merchant</MsgId><AcctSvcrRef>221021CH09CZQ13Z</AcctSvcrRef><PmtInfId>TWINT20221020-101-Merchant-B1</PmtInfId><InstrId>2cec08872a114545aa0b6510e30a4b4e</InstrId><EndToEndId>TWINT20221020-101-Merchant-B1</EndToEndId><Prtry><Tp>00</Tp><Ref>221021CH09CZQ13Z</Ref></Prtry></Refs><Amt Ccy="CHF">3324.97</Amt><CdtDbtInd>CRDT</CdtDbtInd><BkTxCd><Domn><Cd>PMNT</Cd><Fmly><Cd>RCDT</Cd><SubFmlyCd>AUTT</SubFmlyCd></Fmly></Domn></BkTxCd><RltdPties><Dbtr><Nm>TWINT Acquiring AG</Nm><PstlAdr><StrtNm>Stauffacherstrasse</StrtNm><BldgNb>41</BldgNb><PstCd>8004</PstCd><TwnNm>Zürich</TwnNm><Ctry>CH</Ctry></PstlAdr></Dbtr><DbtrAcct><Id><IBAN>CH6609000000313087410</IBAN></Id></DbtrAcct><CdtrAcct><Id><IBAN>CH9209000000414939852</IBAN></Id></CdtrAcct></RltdPties><RltdAgts><DbtrAgt><FinInstnId><BICFI>POFICHBEXXX</BICFI><Nm>POSTFINANCE AG</Nm><PstlAdr><AdrLine>MINGERSTRASSE 20</AdrLine><AdrLine>3030 BERN</AdrLine></PstlAdr></FinInstnId></DbtrAgt></RltdAgts><RmtInf><Ustrd>999999 TWINT TWINT Auszahlungen Pay</Ustrd><Ustrd>out 20221021                       </Ustrd><Ustrd>   Gross: 3368.78 Fees: -43.81</Ustrd><Strd><AddtlRmtInf>?REJECT?0</AddtlRmtInf><AddtlRmtInf>?ERROR?000</AddtlRmtInf></Strd></RmtInf><RltdDts><AccptncDtTm>2022-10-24T20:00:00</AccptncDtTm></RltdDts></TxDtls></NtryDtls><AddtlNtryInf>GUTSCHRIFT CH6609000000313087410 ABSENDER: TWINT ACQUIRING AG STAUFFACHERSTRASSE 41 8004 ZÜRICH MITTEILUNGEN: 999999 TWINT TWINT AUSZAHLUNGEN PAY OUT 20221021                           GROSS: 3368.78 FEES: -43.81 REFERENZEN: TWINT20221020-101-MERCHANT-B1</AddtlNtryInf></Ntry><Ntry><NtryRef>CH9209000000414939852</NtryRef><Amt Ccy="CHF">84.80</Amt><CdtDbtInd>CRDT</CdtDbtInd><RvslInd>false</RvslInd><Sts>BOOK</Sts><BookgDt><Dt>2022-10-24</Dt></BookgDt><ValDt><Dt>2022-10-24</Dt></ValDt><AcctSvcrRef>297220109D8PL7DK</AcctSvcrRef><BkTxCd><Domn><Cd>PMNT</Cd><Fmly><Cd>RCDT</Cd><SubFmlyCd>ATXN</SubFmlyCd></Fmly></Domn></BkTxCd><NtryDtls><Btch><NbOfTxs>1</NbOfTxs></Btch><TxDtls><Refs><AcctSvcrRef>221024CH09D8PL7D</AcctSvcrRef><InstrId>553961911/1XXXXX</InstrId><EndToEndId>LLB 17385339d61f4a60b56ad27a325ccc4</EndToEndId><Prtry><Tp>00</Tp><Ref>221024CH09D8PL7D</Ref></Prtry></Refs><Amt Ccy="CHF">84.80</Amt><CdtDbtInd>CRDT</CdtDbtInd><BkTxCd><Domn><Cd>PMNT</Cd><Fmly><Cd>RCDT</Cd><SubFmlyCd>ATXN</SubFmlyCd></Fmly></Domn></BkTxCd><RltdPties><Dbtr><Nm>Ronnie Vogt</Nm><PstlAdr><AdrLine>Iradug 9 9496 Balzers</AdrLine><AdrLine>LIECHTENSTEIN</AdrLine></PstlAdr></Dbtr><DbtrAcct><Id><IBAN>LI1608800000023123543</IBAN></Id></DbtrAcct><CdtrAcct><Id><IBAN>CH9209000000414939852</IBAN></Id></CdtrAcct></RltdPties><RltdAgts><DbtrAgt><FinInstnId><ClrSysMmbId><MmbId>8800</MmbId></ClrSysMmbId><Nm>Liechtensteinische Landesbank Aktiengesellschaft</Nm><PstlAdr><AdrLine>Städtle 44</AdrLine><AdrLine>9490 Vaduz</AdrLine></PstlAdr></FinInstnId></DbtrAgt></RltdAgts><RmtInf><Ustrd>RE-94775 /Bestell-Nr. 7575</Ustrd><Strd><AddtlRmtInf>?REJECT?0</AddtlRmtInf><AddtlRmtInf>?ERROR?000</AddtlRmtInf></Strd></RmtInf><RltdDts><AccptncDtTm>2022-10-24T20:00:00</AccptncDtTm></RltdDts></TxDtls></NtryDtls><AddtlNtryInf>GUTSCHRIFT AUFTRAGGEBER: RONNIE VOGT IRADUG 9 9496 BALZERS LIECHTENSTEIN MITTEILUNGEN: RE-94775 /BESTELL-NR. 7575 REFERENZEN: LLB 17385339D61F4A60B56AD27A325CCC4 553961911/1XXXXX 221024CH09D8PL7D</AddtlNtryInf></Ntry><Ntry><NtryRef>CH9209000000414939852</NtryRef><Amt Ccy="CHF">1063.10</Amt><CdtDbtInd>CRDT</CdtDbtInd><RvslInd>false</RvslInd><Sts>BOOK</Sts><BookgDt><Dt>2022-10-24</Dt></BookgDt><ValDt><Dt>2022-10-24</Dt></ValDt><AcctSvcrRef>297220109D98L3WK</AcctSvcrRef><BkTxCd><Domn><Cd>PMNT</Cd><Fmly><Cd>RCDT</Cd><SubFmlyCd>ATXN</SubFmlyCd></Fmly></Domn></BkTxCd><NtryDtls><Btch><NbOfTxs>1</NbOfTxs></Btch><TxDtls><Refs><AcctSvcrRef>221024CH09D98L3W</AcctSvcrRef><InstrId>LON03256281910</InstrId><EndToEndId>NOTPROVIDED</EndToEndId><Prtry><Tp>00</Tp><Ref>221024CH09D98L3W</Ref></Prtry></Refs><Amt Ccy="CHF">1063.10</Amt><CdtDbtInd>CRDT</CdtDbtInd><BkTxCd><Domn><Cd>PMNT</Cd><Fmly><Cd>RCDT</Cd><SubFmlyCd>ATXN</SubFmlyCd></Fmly></Domn></BkTxCd><RltdPties><Dbtr><Nm>STRIPE PAYMENTS UK LTD</Nm><PstlAdr><AdrLine>9TH FLOOR, 107 CHEAPSIDE GB - LONDO</AdrLine><AdrLine>N EC2V 6DN</AdrLine></PstlAdr></Dbtr><DbtrAcct><Id><IBAN>DK6289000000010375</IBAN></Id></DbtrAcct><CdtrAcct><Id><IBAN>CH9209000000414939852</IBAN></Id></CdtrAcct></RltdPties><RltdAgts><DbtrAgt><FinInstnId><BICFI>CITIGB2LXXX</BICFI><Nm>CITIBANK N.A.</Nm><PstlAdr><AdrLine>CITIBANK CENTRE25 CANADA SQUARE</AdrLine><AdrLine>E14 5LB LONDON</AdrLine></PstlAdr></FinInstnId></DbtrAgt></RltdAgts><RmtInf><Ustrd>STRIPE G1U6U7</Ustrd><Strd><AddtlRmtInf>?REJECT?0</AddtlRmtInf><AddtlRmtInf>?ERROR?000</AddtlRmtInf></Strd></RmtInf><RltdDts><AccptncDtTm>2022-10-24T20:00:00</AccptncDtTm></RltdDts></TxDtls></NtryDtls><AddtlNtryInf>GUTSCHRIFT AUFTRAGGEBER: STRIPE PAYMENTS UK LTD 9TH FLOOR, 107 CHEAPSIDE GB - LONDO N EC2V 6DN MITTEILUNGEN: STRIPE G1U6U7 SPESENBETRAG 0.00 CHF SHA REFERENZEN: NOTPROVIDED LON03256281910 221024CH09D98L3W</AddtlNtryInf></Ntry><Ntry><NtryRef>CH9209000000414939852</NtryRef><Amt Ccy="CHF">60.15</Amt><CdtDbtInd>CRDT</CdtDbtInd><RvslInd>false</RvslInd><Sts>BOOK</Sts><BookgDt><Dt>2022-10-24</Dt></BookgDt><ValDt><Dt>2022-10-24</Dt></ValDt><AcctSvcrRef>297220109DAORAHK</AcctSvcrRef><BkTxCd><Domn><Cd>PMNT</Cd><Fmly><Cd>RCDT</Cd><SubFmlyCd>ATXN</SubFmlyCd></Fmly></Domn></BkTxCd><NtryDtls><Btch><NbOfTxs>1</NbOfTxs></Btch><TxDtls><Refs><AcctSvcrRef>221024CH09DAORAH</AcctSvcrRef><InstrId>9901797E64703298</InstrId><EndToEndId>CONCA00000004598</EndToEndId><Prtry><Tp>00</Tp><Ref>221024CH09DAORAH</Ref></Prtry></Refs><Amt Ccy="CHF">60.15</Amt><CdtDbtInd>CRDT</CdtDbtInd><BkTxCd><Domn><Cd>PMNT</Cd><Fmly><Cd>RCDT</Cd><SubFmlyCd>ATXN</SubFmlyCd></Fmly></Domn></BkTxCd><RltdPties><Dbtr><Nm>CONCARDIS GMBH</Nm><PstlAdr><AdrLine>HELFMANN PARK 7 DE 65760 ESCHBORN</AdrLine></PstlAdr></Dbtr><DbtrAcct><Id><IBAN>CH830023023065770601M</IBAN></Id></DbtrAcct><CdtrAcct><Id><IBAN>CH9209000000414939852</IBAN></Id></CdtrAcct></RltdPties><RltdAgts><DbtrAgt><FinInstnId><ClrSysMmbId><MmbId>230</MmbId></ClrSysMmbId><Nm>UBS Switzerland AG</Nm><PstlAdr><AdrLine>Bahnhofstrasse 45</AdrLine><AdrLine>8098 Zürich</AdrLine></PstlAdr></FinInstnId></DbtrAgt></RltdAgts><RmtInf><Ustrd>/ROC/CONCA00000004598 MC:DAT12.10.2</Ustrd><Ustrd>2:ZAHL-NR000012: BRUTTO61,04:KOM0,8</Ustrd><Ustrd>9:VP156589354: FIL:TRX2 </Ustrd><Strd><AddtlRmtInf>?REJECT?0</AddtlRmtInf><AddtlRmtInf>?ERROR?000</AddtlRmtInf></Strd></RmtInf><RltdDts><AccptncDtTm>2022-10-24T20:00:00</AccptncDtTm></RltdDts></TxDtls></NtryDtls><AddtlNtryInf>GUTSCHRIFT AUFTRAGGEBER: CONCARDIS GMBH HELFMANN PARK 7 DE 65760 ESCHBORN MITTEILUNGEN: /ROC/CONCA00000004598 MC:DAT12.10.2 2:ZAHL-NR000012: BRUTTO61,04:KOM0,8 9:VP156589354: FIL:TRX2  SPESENBETRAG 0.00 CHF SHA REFERENZEN: CONCA00000004598 9901797E64703298 221024CH09DAORAH</AddtlNtryInf></Ntry><Ntry><NtryRef>CH9209000000414939852</NtryRef><Amt Ccy="CHF">180.58</Amt><CdtDbtInd>CRDT</CdtDbtInd><RvslInd>false</RvslInd><Sts>BOOK</Sts><BookgDt><Dt>2022-10-24</Dt></BookgDt><ValDt><Dt>2022-10-24</Dt></ValDt><AcctSvcrRef>297220109DAORAJK</AcctSvcrRef><BkTxCd><Domn><Cd>PMNT</Cd><Fmly><Cd>RCDT</Cd><SubFmlyCd>ATXN</SubFmlyCd></Fmly></Domn></BkTxCd><NtryDtls><Btch><NbOfTxs>1</NbOfTxs></Btch><TxDtls><Refs><AcctSvcrRef>221024CH09DAORAJ</AcctSvcrRef><InstrId>9901797E64703295</InstrId><EndToEndId>CONCA00000004595</EndToEndId><Prtry><Tp>00</Tp><Ref>221024CH09DAORAJ</Ref></Prtry></Refs><Amt Ccy="CHF">180.58</Amt><CdtDbtInd>CRDT</CdtDbtInd><BkTxCd><Domn><Cd>PMNT</Cd><Fmly><Cd>RCDT</Cd><SubFmlyCd>ATXN</SubFmlyCd></Fmly></Domn></BkTxCd><RltdPties><Dbtr><Nm>CONCARDIS GMBH</Nm><PstlAdr><AdrLine>HELFMANN PARK 7 DE 65760 ESCHBORN</AdrLine></PstlAdr></Dbtr><DbtrAcct><Id><IBAN>CH830023023065770601M</IBAN></Id></DbtrAcct><CdtrAcct><Id><IBAN>CH9209000000414939852</IBAN></Id></CdtrAcct></RltdPties><RltdAgts><DbtrAgt><FinInstnId><ClrSysMmbId><MmbId>230</MmbId></ClrSysMmbId><Nm>UBS Switzerland AG</Nm><PstlAdr><AdrLine>Bahnhofstrasse 45</AdrLine><AdrLine>8098 Zürich</AdrLine></PstlAdr></FinInstnId></DbtrAgt></RltdAgts><RmtInf><Ustrd>/ROC/CONCA00000004595 MC:DAT12.10.2</Ustrd><Ustrd>2:ZAHL-NR000028: BRUTTO183,22:KOM2,</Ustrd><Ustrd>64:VP156589312: FIL:TRX3 </Ustrd><Strd><AddtlRmtInf>?REJECT?0</AddtlRmtInf><AddtlRmtInf>?ERROR?000</AddtlRmtInf></Strd></RmtInf><RltdDts><AccptncDtTm>2022-10-24T20:00:00</AccptncDtTm></RltdDts></TxDtls></NtryDtls><AddtlNtryInf>GUTSCHRIFT AUFTRAGGEBER: CONCARDIS GMBH HELFMANN PARK 7 DE 65760 ESCHBORN MITTEILUNGEN: /ROC/CONCA00000004595 MC:DAT12.10.2 2:ZAHL-NR000028: BRUTTO183,22:KOM2, 64:VP156589312: FIL:TRX3  SPESENBETRAG 0.00 CHF SHA REFERENZEN: CONCA00000004595 9901797E64703295 221024CH09DAORAJ</AddtlNtryInf></Ntry><Ntry><NtryRef>CH9209000000414939852</NtryRef><Amt Ccy="CHF">99.24</Amt><CdtDbtInd>CRDT</CdtDbtInd><RvslInd>false</RvslInd><Sts>BOOK</Sts><BookgDt><Dt>2022-10-24</Dt></BookgDt><ValDt><Dt>2022-10-24</Dt></ValDt><AcctSvcrRef>297220109DAOSP3K</AcctSvcrRef><BkTxCd><Domn><Cd>PMNT</Cd><Fmly><Cd>RCDT</Cd><SubFmlyCd>ATXN</SubFmlyCd></Fmly></Domn></BkTxCd><NtryDtls><Btch><NbOfTxs>1</NbOfTxs></Btch><TxDtls><Refs><AcctSvcrRef>221024CH09DAOSP3</AcctSvcrRef><InstrId>9901797E64703299</InstrId><EndToEndId>CONCA00000004599</EndToEndId><Prtry><Tp>00</Tp><Ref>221024CH09DAOSP3</Ref></Prtry></Refs><Amt Ccy="CHF">99.24</Amt><CdtDbtInd>CRDT</CdtDbtInd><BkTxCd><Domn><Cd>PMNT</Cd><Fmly><Cd>RCDT</Cd><SubFmlyCd>ATXN</SubFmlyCd></Fmly></Domn></BkTxCd><RltdPties><Dbtr><Nm>CONCARDIS GMBH</Nm><PstlAdr><AdrLine>HELFMANN PARK 7 DE 65760 ESCHBORN</AdrLine></PstlAdr></Dbtr><DbtrAcct><Id><IBAN>CH830023023065770601M</IBAN></Id></DbtrAcct><CdtrAcct><Id><IBAN>CH9209000000414939852</IBAN></Id></CdtrAcct></RltdPties><RltdAgts><DbtrAgt><FinInstnId><ClrSysMmbId><MmbId>230</MmbId></ClrSysMmbId><Nm>UBS Switzerland AG</Nm><PstlAdr><AdrLine>Bahnhofstrasse 45</AdrLine><AdrLine>8098 Zürich</AdrLine></PstlAdr></FinInstnId></DbtrAgt></RltdAgts><RmtInf><Ustrd>/ROC/CONCA00000004599 MC:DAT12.10.2</Ustrd><Ustrd>2:ZAHL-NR000025: BRUTTO100,72:KOM1,</Ustrd><Ustrd>48:VP156589362: FIL:TRX3 </Ustrd><Strd><AddtlRmtInf>?REJECT?0</AddtlRmtInf><AddtlRmtInf>?ERROR?000</AddtlRmtInf></Strd></RmtInf><RltdDts><AccptncDtTm>2022-10-24T20:00:00</AccptncDtTm></RltdDts></TxDtls></NtryDtls><AddtlNtryInf>GUTSCHRIFT AUFTRAGGEBER: CONCARDIS GMBH HELFMANN PARK 7 DE 65760 ESCHBORN MITTEILUNGEN: /ROC/CONCA00000004599 MC:DAT12.10.2 2:ZAHL-NR000025: BRUTTO100,72:KOM1, 48:VP156589362: FIL:TRX3  SPESENBETRAG 0.00 CHF SHA REFERENZEN: CONCA00000004599 9901797E64703299 221024CH09DAOSP3</AddtlNtryInf></Ntry><Ntry><NtryRef>CH9209000000414939852</NtryRef><Amt Ccy="CHF">60.15</Amt><CdtDbtInd>CRDT</CdtDbtInd><RvslInd>false</RvslInd><Sts>BOOK</Sts><BookgDt><Dt>2022-10-24</Dt></BookgDt><ValDt><Dt>2022-10-24</Dt></ValDt><AcctSvcrRef>297220109DAOT01K</AcctSvcrRef><BkTxCd><Domn><Cd>PMNT</Cd><Fmly><Cd>RCDT</Cd><SubFmlyCd>ATXN</SubFmlyCd></Fmly></Domn></BkTxCd><NtryDtls><Btch><NbOfTxs>1</NbOfTxs></Btch><TxDtls><Refs><AcctSvcrRef>221024CH09DAOT01</AcctSvcrRef><InstrId>9901797E64703249</InstrId><EndToEndId>CONCA00000004549</EndToEndId><Prtry><Tp>00</Tp><Ref>221024CH09DAOT01</Ref></Prtry></Refs><Amt Ccy="CHF">60.15</Amt><CdtDbtInd>CRDT</CdtDbtInd><BkTxCd><Domn><Cd>PMNT</Cd><Fmly><Cd>RCDT</Cd><SubFmlyCd>ATXN</SubFmlyCd></Fmly></Domn></BkTxCd><RltdPties><Dbtr><Nm>CONCARDIS GMBH</Nm><PstlAdr><AdrLine>HELFMANN PARK 7 DE 65760 ESCHBORN</AdrLine></PstlAdr></Dbtr><DbtrAcct><Id><IBAN>CH830023023065770601M</IBAN></Id></DbtrAcct><CdtrAcct><Id><IBAN>CH9209000000414939852</IBAN></Id></CdtrAcct></RltdPties><RltdAgts><DbtrAgt><FinInstnId><ClrSysMmbId><MmbId>230</MmbId></ClrSysMmbId><Nm>UBS Switzerland AG</Nm><PstlAdr><AdrLine>Bahnhofstrasse 45</AdrLine><AdrLine>8098 Zürich</AdrLine></PstlAdr></FinInstnId></DbtrAgt></RltdAgts><RmtInf><Ustrd>/ROC/CONCA00000004549 MC:DAT12.10.2</Ustrd><Ustrd>2:ZAHL-NR000030: BRUTTO61,04:KOM0,8</Ustrd><Ustrd>9:VP156581201: FIL:TRX2 </Ustrd><Strd><AddtlRmtInf>?REJECT?0</AddtlRmtInf><AddtlRmtInf>?ERROR?000</AddtlRmtInf></Strd></RmtInf><RltdDts><AccptncDtTm>2022-10-24T20:00:00</AccptncDtTm></RltdDts></TxDtls></NtryDtls><AddtlNtryInf>GUTSCHRIFT AUFTRAGGEBER: CONCARDIS GMBH HELFMANN PARK 7 DE 65760 ESCHBORN MITTEILUNGEN: /ROC/CONCA00000004549 MC:DAT12.10.2 2:ZAHL-NR000030: BRUTTO61,04:KOM0,8 9:VP156581201: FIL:TRX2  SPESENBETRAG 0.00 CHF SHA REFERENZEN: CONCA00000004549 9901797E64703249 221024CH09DAOT01</AddtlNtryInf></Ntry><Ntry><NtryRef>CH9209000000414939852</NtryRef><Amt Ccy="CHF">60.19</Amt><CdtDbtInd>CRDT</CdtDbtInd><RvslInd>false</RvslInd><Sts>BOOK</Sts><BookgDt><Dt>2022-10-24</Dt></BookgDt><ValDt><Dt>2022-10-24</Dt></ValDt><AcctSvcrRef>297220109DAOTOJK</AcctSvcrRef><BkTxCd><Domn><Cd>PMNT</Cd><Fmly><Cd>RCDT</Cd><SubFmlyCd>ATXN</SubFmlyCd></Fmly></Domn></BkTxCd><NtryDtls><Btch><NbOfTxs>1</NbOfTxs></Btch><TxDtls><Refs><AcctSvcrRef>221024CH09DAOTOJ</AcctSvcrRef><InstrId>9901797E64703250</InstrId><EndToEndId>CONCA00000004550</EndToEndId><Prtry><Tp>00</Tp><Ref>221024CH09DAOTOJ</Ref></Prtry></Refs><Amt Ccy="CHF">60.19</Amt><CdtDbtInd>CRDT</CdtDbtInd><BkTxCd><Domn><Cd>PMNT</Cd><Fmly><Cd>RCDT</Cd><SubFmlyCd>ATXN</SubFmlyCd></Fmly></Domn></BkTxCd><RltdPties><Dbtr><Nm>CONCARDIS GMBH</Nm><PstlAdr><AdrLine>HELFMANN PARK 7 DE 65760 ESCHBORN</AdrLine></PstlAdr></Dbtr><DbtrAcct><Id><IBAN>CH830023023065770601M</IBAN></Id></DbtrAcct><CdtrAcct><Id><IBAN>CH9209000000414939852</IBAN></Id></CdtrAcct></RltdPties><RltdAgts><DbtrAgt><FinInstnId><ClrSysMmbId><MmbId>230</MmbId></ClrSysMmbId><Nm>UBS Switzerland AG</Nm><PstlAdr><AdrLine>Bahnhofstrasse 45</AdrLine><AdrLine>8098 Zürich</AdrLine></PstlAdr></FinInstnId></DbtrAgt></RltdAgts><RmtInf><Ustrd>/ROC/CONCA00000004550 VI:DAT12.10.2</Ustrd><Ustrd>2:ZAHL-NR000031: BRUTTO61,04:KOM0,8</Ustrd><Ustrd>5:VP146581203: FIL:TRX1 </Ustrd><Strd><AddtlRmtInf>?REJECT?0</AddtlRmtInf><AddtlRmtInf>?ERROR?000</AddtlRmtInf></Strd></RmtInf><RltdDts><AccptncDtTm>2022-10-24T20:00:00</AccptncDtTm></RltdDts></TxDtls></NtryDtls><AddtlNtryInf>GUTSCHRIFT AUFTRAGGEBER: CONCARDIS GMBH HELFMANN PARK 7 DE 65760 ESCHBORN MITTEILUNGEN: /ROC/CONCA00000004550 VI:DAT12.10.2 2:ZAHL-NR000031: BRUTTO61,04:KOM0,8 5:VP146581203: FIL:TRX1  SPESENBETRAG 0.00 CHF SHA REFERENZEN: CONCA00000004550 9901797E64703250 221024CH09DAOTOJ</AddtlNtryInf></Ntry><Ntry><NtryRef>CH9209000000414939852</NtryRef><Amt Ccy="CHF">178.65</Amt><CdtDbtInd>CRDT</CdtDbtInd><RvslInd>false</RvslInd><Sts>BOOK</Sts><BookgDt><Dt>2022-10-24</Dt></BookgDt><ValDt><Dt>2022-10-24</Dt></ValDt><AcctSvcrRef>297220109DAOV4OK</AcctSvcrRef><BkTxCd><Domn><Cd>PMNT</Cd><Fmly><Cd>RCDT</Cd><SubFmlyCd>ATXN</SubFmlyCd></Fmly></Domn></BkTxCd><NtryDtls><Btch><NbOfTxs>1</NbOfTxs></Btch><TxDtls><Refs><AcctSvcrRef>221024CH09DAOV4O</AcctSvcrRef><InstrId>9901797E64703296</InstrId><EndToEndId>CONCA00000004596</EndToEndId><Prtry><Tp>00</Tp><Ref>221024CH09DAOV4O</Ref></Prtry></Refs><Amt Ccy="CHF">178.65</Amt><CdtDbtInd>CRDT</CdtDbtInd><BkTxCd><Domn><Cd>PMNT</Cd><Fmly><Cd>RCDT</Cd><SubFmlyCd>ATXN</SubFmlyCd></Fmly></Domn></BkTxCd><RltdPties><Dbtr><Nm>CONCARDIS GMBH</Nm><PstlAdr><AdrLine>HELFMANN PARK 7 DE 65760 ESCHBORN</AdrLine></PstlAdr></Dbtr><DbtrAcct><Id><IBAN>CH830023023065770601M</IBAN></Id></DbtrAcct><CdtrAcct><Id><IBAN>CH9209000000414939852</IBAN></Id></CdtrAcct></RltdPties><RltdAgts><DbtrAgt><FinInstnId><ClrSysMmbId><MmbId>230</MmbId></ClrSysMmbId><Nm>UBS Switzerland AG</Nm><PstlAdr><AdrLine>Bahnhofstrasse 45</AdrLine><AdrLine>8098 Zürich</AdrLine></PstlAdr></FinInstnId></DbtrAgt></RltdAgts><RmtInf><Ustrd>/ROC/CONCA00000004596 VI:DAT12.10.2</Ustrd><Ustrd>2:ZAHL-NR000029: BRUTTO183,22:KOM4,</Ustrd><Ustrd>57:VP146589314: FIL:TRX2 </Ustrd><Strd><AddtlRmtInf>?REJECT?0</AddtlRmtInf><AddtlRmtInf>?ERROR?000</AddtlRmtInf></Strd></RmtInf><RltdDts><AccptncDtTm>2022-10-24T20:00:00</AccptncDtTm></RltdDts></TxDtls></NtryDtls><AddtlNtryInf>GUTSCHRIFT AUFTRAGGEBER: CONCARDIS GMBH HELFMANN PARK 7 DE 65760 ESCHBORN MITTEILUNGEN: /ROC/CONCA00000004596 VI:DAT12.10.2 2:ZAHL-NR000029: BRUTTO183,22:KOM4, 57:VP146589314: FIL:TRX2  SPESENBETRAG 0.00 CHF SHA REFERENZEN: CONCA00000004596 9901797E64703296 221024CH09DAOV4O</AddtlNtryInf></Ntry><Ntry><NtryRef>CH9209000000414939852</NtryRef><Amt Ccy="CHF">143.82</Amt><CdtDbtInd>CRDT</CdtDbtInd><RvslInd>false</RvslInd><Sts>BOOK</Sts><BookgDt><Dt>2022-10-24</Dt></BookgDt><ValDt><Dt>2022-10-24</Dt></ValDt><AcctSvcrRef>297220109DAOVUQK</AcctSvcrRef><BkTxCd><Domn><Cd>PMNT</Cd><Fmly><Cd>RCDT</Cd><SubFmlyCd>ATXN</SubFmlyCd></Fmly></Domn></BkTxCd><NtryDtls><Btch><NbOfTxs>1</NbOfTxs></Btch><TxDtls><Refs><AcctSvcrRef>221024CH09DAOVUQ</AcctSvcrRef><InstrId>9901797E64703297</InstrId><EndToEndId>CONCA00000004597</EndToEndId><Prtry><Tp>00</Tp><Ref>221024CH09DAOVUQ</Ref></Prtry></Refs><Amt Ccy="CHF">143.82</Amt><CdtDbtInd>CRDT</CdtDbtInd><BkTxCd><Domn><Cd>PMNT</Cd><Fmly><Cd>RCDT</Cd><SubFmlyCd>ATXN</SubFmlyCd></Fmly></Domn></BkTxCd><RltdPties><Dbtr><Nm>CONCARDIS GMBH</Nm><PstlAdr><AdrLine>HELFMANN PARK 7 DE 65760 ESCHBORN</AdrLine></PstlAdr></Dbtr><DbtrAcct><Id><IBAN>CH830023023065770601M</IBAN></Id></DbtrAcct><CdtrAcct><Id><IBAN>CH9209000000414939852</IBAN></Id></CdtrAcct></RltdPties><RltdAgts><DbtrAgt><FinInstnId><ClrSysMmbId><MmbId>230</MmbId></ClrSysMmbId><Nm>UBS Switzerland AG</Nm><PstlAdr><AdrLine>Bahnhofstrasse 45</AdrLine><AdrLine>8098 Zürich</AdrLine></PstlAdr></FinInstnId></DbtrAgt></RltdAgts><RmtInf><Ustrd>/ROC/CONCA00000004597 VI:DAT12.10.2</Ustrd><Ustrd>2:ZAHL-NR000023: BRUTTO147,04:KOM3,</Ustrd><Ustrd>22:VP146589330: FIL:TRX2 </Ustrd><Strd><AddtlRmtInf>?REJECT?0</AddtlRmtInf><AddtlRmtInf>?ERROR?000</AddtlRmtInf></Strd></RmtInf><RltdDts><AccptncDtTm>2022-10-24T20:00:00</AccptncDtTm></RltdDts></TxDtls></NtryDtls><AddtlNtryInf>GUTSCHRIFT AUFTRAGGEBER: CONCARDIS GMBH HELFMANN PARK 7 DE 65760 ESCHBORN MITTEILUNGEN: /ROC/CONCA00000004597 VI:DAT12.10.2 2:ZAHL-NR000023: BRUTTO147,04:KOM3, 22:VP146589330: FIL:TRX2  SPESENBETRAG 0.00 CHF SHA REFERENZEN: CONCA00000004597 9901797E64703297 221024CH09DAOVUQ</AddtlNtryInf></Ntry><Ntry><Amt Ccy="CHF">11199.38</Amt><CdtDbtInd>DBIT</CdtDbtInd><RvslInd>false</RvslInd><Sts>BOOK</Sts><BookgDt><Dt>2022-10-24</Dt></BookgDt><ValDt><Dt>2022-10-24</Dt></ValDt><AcctSvcrRef>297220009D9IHIBK</AcctSvcrRef><BkTxCd><Domn><Cd>PMNT</Cd><Fmly><Cd>ICDT</Cd><SubFmlyCd>XBCT</SubFmlyCd></Fmly></Domn></BkTxCd><NtryDtls><TxDtls><Refs><AcctSvcrRef>25-681083289-1</AcctSvcrRef><PmtInfId>25:681083289</PmtInfId><InstrId>20221024000800940994021</InstrId></Refs><Amt Ccy="CHF">11199.38</Amt><CdtDbtInd>DBIT</CdtDbtInd><AmtDtls><InstdAmt><Amt Ccy="USD">11085.20</Amt><CcyXchg><SrcCcy>USD</SrcCcy><XchgRate>1.0103</XchgRate></CcyXchg></InstdAmt></AmtDtls><BkTxCd><Domn><Cd>PMNT</Cd><Fmly><Cd>ICDT</Cd><SubFmlyCd>XBCT</SubFmlyCd></Fmly></Domn></BkTxCd><RltdPties><Cdtr><Nm>Shengzhou Zhiding Transmission Equipment Co., Ltd.</Nm><PstlAdr><StrtNm>26/F TOWER ONE TIME SQUARE 1 MATHESON STREET CAUSEWAY BAY</StrtNm><BldgNb>26/F</BldgNb><TwnNm>Hongkong</TwnNm><Ctry>HK</Ctry></PstlAdr></Cdtr><CdtrAcct><Id><Othr><Id>3872915954361</Id></Othr></Id></CdtrAcct></RltdPties><RltdAgts><CdtrAgt><FinInstnId><BICFI>CITIHKHXXXX</BICFI><Nm>CITIBANK N.A.</Nm><PstlAdr><Ctry>HK</Ctry><AdrLine>FLOOR 50, CHAMPION TOWER3 GARDEN RO  CENTRAL</AdrLine></PstlAdr></FinInstnId></CdtrAgt></RltdAgts><RmtInf><Ustrd>152649910501022575</Ustrd><Strd><AddtlRmtInf>Stehtisch Alibaba</AddtlRmtInf></Strd></RmtInf></TxDtls></NtryDtls><AddtlNtryInf>GIRO INTERNATIONAL USD 11'085.20 ZUM KURS VON 1.0103 CITIBANK N.A. FLOOR 50, CHAMPION TOWER3 GARDEN RO  CENTRAL 3872915954361 SHENGZHOU ZHIDING TRANSMISSION EQUI PMENT CO., LTD. 26/F TOWER ONE TIME SQUARE 1 M 26/F HONGKONG SENDER REFERENZ: STEHTISCH ALIBABA 20221024000800940994021</AddtlNtryInf></Ntry><Ntry><NtryRef>CH4330000001414939852</NtryRef><Amt Ccy="CHF">7050.36</Amt><CdtDbtInd>CRDT</CdtDbtInd><RvslInd>false</RvslInd><Sts>BOOK</Sts><BookgDt><Dt>2022-10-24</Dt></BookgDt><ValDt><Dt>2022-10-24</Dt></ValDt><AcctSvcrRef>297220009DDVJ5DU</AcctSvcrRef><BkTxCd><Domn><Cd>PMNT</Cd><Fmly><Cd>RCDT</Cd><SubFmlyCd>VCOM</SubFmlyCd></Fmly></Domn></BkTxCd><NtryDtls><TxDtls><Refs><AcctSvcrRef>297220009DDVJ5DU</AcctSvcrRef></Refs><Amt Ccy="CHF">7050.36</Amt><CdtDbtInd>CRDT</CdtDbtInd></TxDtls></NtryDtls><AddtlNtryInf>SAMMELGUTSCHRIFT FÜR KONTO: CH4330000001414939852 VERARBEITUNG VOM 24.10.2022 PAKET ID: 221024CH000007SX</AddtlNtryInf></Ntry><Ntry><Amt Ccy="CHF">1796.00</Amt><CdtDbtInd>CRDT</CdtDbtInd><RvslInd>false</RvslInd><Sts>BOOK</Sts><BookgDt><Dt>2022-10-24</Dt></BookgDt><ValDt><Dt>2022-10-24</Dt></ValDt><AcctSvcrRef>2972400286888874</AcctSvcrRef><BkTxCd><Domn><Cd>PMNT</Cd><Fmly><Cd>MCRD</Cd><SubFmlyCd>POSP</SubFmlyCd></Fmly></Domn></BkTxCd><NtryDtls><TxDtls><Refs><AcctSvcrRef>2972400286888874</AcctSvcrRef></Refs><Amt Ccy="CHF">1796.00</Amt><CdtDbtInd>CRDT</CdtDbtInd></TxDtls></NtryDtls><AddtlNtryInf>GUTSCHRIFT E-PAYMENT-TRANSAKTIONEN POSTFINANCE CARD EINLIEFERUNG VOM 23.10.2022 EVERSMART PRODUCTS HANDELS GMBH PFAQ08TC0000001 WWW.MEIN-STEHTISCH.CH</AddtlNtryInf></Ntry></Stmt></BkToCstmrStmt></Document>
