<?xml version="1.0" encoding="UTF-8"?>
<Document xmlns="urn:iso:std:iso:20022:tech:xsd:camt.053.001.04" xmlns:xsi="http://www.w3.org/2001/XMLSchema-instance" xsi:schemaLocation="urn:iso:std:iso:20022:tech:xsd:camt.053.001.04 camt.053.001.04.xsd"><BkToCstmrStmt><GrpHdr><MsgId>20221104375204969724293</MsgId><CreDtTm>2022-11-05T01:38:46</CreDtTm><MsgPgntn><PgNb>1</PgNb><LastPgInd>true</LastPgInd></MsgPgntn><AddtlInf>SPS/1.7/PROD</AddtlInf></GrpHdr><Stmt><Id>20221104375204969724337</Id><ElctrncSeqNb>217</ElctrncSeqNb><CreDtTm>2022-11-05T01:38:46</CreDtTm><FrToDt><FrDtTm>2022-11-04T00:00:00</FrDtTm><ToDtTm>2022-11-04T23:59:59</ToDtTm></FrToDt><Acct><Id><IBAN>CH9209000000414939852</IBAN></Id><Ownr><Nm>eversmart products Handels GmbH Pfäffikon SZ</Nm></Ownr></Acct><Bal><Tp><CdOrPrtry><Cd>OPBD</Cd></CdOrPrtry></Tp><Amt Ccy="CHF">1625.15</Amt><CdtDbtInd>CRDT</CdtDbtInd><Dt><Dt>2022-11-04</Dt></Dt></Bal><Bal><Tp><CdOrPrtry><Cd>CLBD</Cd></CdOrPrtry></Tp><Amt Ccy="CHF">15846.32</Amt><CdtDbtInd>CRDT</CdtDbtInd><Dt><Dt>2022-11-04</Dt></Dt></Bal><Bal><Tp><CdOrPrtry><Cd>CLAV</Cd></CdOrPrtry></Tp><Amt Ccy="CHF">15846.32</Amt><CdtDbtInd>CRDT</CdtDbtInd><Dt><Dt>2022-11-04</Dt></Dt></Bal><Ntry><Amt Ccy="CHF">96.00</Amt><CdtDbtInd>DBIT</CdtDbtInd><RvslInd>false</RvslInd><Sts>BOOK</Sts><BookgDt><Dt>2022-11-04</Dt></BookgDt><ValDt><Dt>2022-11-04</Dt></ValDt><AcctSvcrRef>308220009BU7BNEK</AcctSvcrRef><BkTxCd><Domn><Cd>PMNT</Cd><Fmly><Cd>ICDT</Cd><SubFmlyCd>BOOK</SubFmlyCd></Fmly></Domn></BkTxCd><NtryDtls><TxDtls><Refs><AcctSvcrRef>25-676155466-1</AcctSvcrRef><PmtInfId>25:676155466</PmtInfId><InstrId>20221012000800767430872</InstrId></Refs><Amt Ccy="CHF">96.00</Amt><CdtDbtInd>DBIT</CdtDbtInd><BkTxCd><Domn><Cd>PMNT</Cd><Fmly><Cd>ICDT</Cd><SubFmlyCd>BOOK</SubFmlyCd></Fmly></Domn></BkTxCd><RltdPties><Cdtr><Nm>Post CH AG</Nm><PstlAdr><Ctry>CH</Ctry><AdrLine>Bern</AdrLine></PstlAdr></Cdtr><CdtrAcct><Id><IBAN>CH0830000001304878268</IBAN></Id></CdtrAcct></RltdPties><RltdAgts><CdtrAgt><FinInstnId><BICFI>POFICHBEXXX</BICFI><PstlAdr><Ctry>CH</Ctry></PstlAdr></FinInstnId></CdtrAgt></RltdAgts><RmtInf><Strd><CdtrRefInf><Tp><CdOrPrtry><Prtry>QRR</Prtry></CdOrPrtry></Tp><Ref>000000234053792123078503807</Ref></CdtrRefInf></Strd></RmtInf></TxDtls></NtryDtls><AddtlNtryInf>LASTSCHRIFT CH0830000001304878268 POST CH AG BERN SENDER REFERENZ: 20221012000800767430872</AddtlNtryInf></Ntry><Ntry><Amt Ccy="CHF">1320.80</Amt><CdtDbtInd>DBIT</CdtDbtInd><RvslInd>false</RvslInd><Sts>BOOK</Sts><BookgDt><Dt>2022-11-04</Dt></BookgDt><ValDt><Dt>2022-11-04</Dt></ValDt><AcctSvcrRef>308220009DKZCQ8K</AcctSvcrRef><BkTxCd><Domn><Cd>PMNT</Cd><Fmly><Cd>ICDT</Cd><SubFmlyCd>DMCT</SubFmlyCd></Fmly></Domn></BkTxCd><NtryDtls><TxDtls><Refs><AcctSvcrRef>25-682356589-1</AcctSvcrRef><PmtInfId>25:682356589</PmtInfId><InstrId>20221025000800974147300</InstrId></Refs><Amt Ccy="CHF">1320.80</Amt><CdtDbtInd>DBIT</CdtDbtInd><BkTxCd><Domn><Cd>PMNT</Cd><Fmly><Cd>ICDT</Cd><SubFmlyCd>DMCT</SubFmlyCd></Fmly></Domn></BkTxCd><RltdPties><Cdtr><Nm>BonAssistus Pensionskasse Cl. 230</Nm><PstlAdr><Ctry>CH</Ctry><AdrLine>Industriestrasse 25 8604 Volketswil</AdrLine></PstlAdr></Cdtr><CdtrAcct><Id><IBAN>CH6100230230P02283160</IBAN></Id></CdtrAcct></RltdPties><RltdAgts><CdtrAgt><FinInstnId><BICFI>UBSWCHZH80A</BICFI><Nm>UBS Switzerland AG</Nm><PstlAdr><Ctry>CH</Ctry><AdrLine>Bahnhofstrasse 45 8098 Zürich</AdrLine></PstlAdr></FinInstnId></CdtrAgt></RltdAgts><RmtInf><Ustrd>Pensionskasse Okt 2022 eversmart pr</Ustrd><Ustrd>oducts Handels GmbH</Ustrd><Strd><AddtlRmtInf>Pensionskassenbeiträge Okt 2022</AddtlRmtInf></Strd></RmtInf></TxDtls></NtryDtls><AddtlNtryInf>LASTSCHRIFT UBS SWITZERLAND AG BAHNHOFSTRASSE 45 8098 ZÜRICH CH6100230230P02283160 BONASSISTUS PENSIONSKASSE CL. 230 INDUSTRIESTRASSE 25 8604 VOLKETSWIL SENDER REFERENZ: PENSIONSKASSENBEITRÄGE OKT 2022 20221025000800974147300</AddtlNtryInf></Ntry><Ntry><NtryRef>CH9209000000414939852</NtryRef><Amt Ccy="CHF">59.90</Amt><CdtDbtInd>CRDT</CdtDbtInd><RvslInd>false</RvslInd><Sts>BOOK</Sts><BookgDt><Dt>2022-11-04</Dt></BookgDt><ValDt><Dt>2022-11-04</Dt></ValDt><AcctSvcrRef>308220109FEMOEYK</AcctSvcrRef><BkTxCd><Domn><Cd>PMNT</Cd><Fmly><Cd>RCDT</Cd><SubFmlyCd>ATXN</SubFmlyCd></Fmly></Domn></BkTxCd><NtryDtls><Btch><NbOfTxs>1</NbOfTxs></Btch><TxDtls><Refs><AcctSvcrRef>221104CH09FEMOEY</AcctSvcrRef><InstrId>17024129682/4XXX</InstrId><EndToEndId>NOTPROVIDED</EndToEndId><Prtry><Tp>00</Tp><Ref>221104CH09FEMOEY</Ref></Prtry></Refs><Amt Ccy="CHF">59.90</Amt><CdtDbtInd>CRDT</CdtDbtInd><BkTxCd><Domn><Cd>PMNT</Cd><Fmly><Cd>RCDT</Cd><SubFmlyCd>ATXN</SubFmlyCd></Fmly></Domn></BkTxCd><RltdPties><Dbtr><Nm>Nicole Ogi</Nm><PstlAdr><AdrLine>Kriegershaus 729</AdrLine><AdrLine>3462 Weier im Emmental</AdrLine></PstlAdr></Dbtr><DbtrAcct><Id><IBAN>CH4080808004254595730</IBAN></Id></DbtrAcct><CdtrAcct><Id><IBAN>CH9209000000414939852</IBAN></Id></CdtrAcct></RltdPties><RltdAgts><DbtrAgt><FinInstnId><ClrSysMmbId><MmbId>80875</MmbId></ClrSysMmbId><Nm>Raiffeisenbank Unteremmental</Nm><PstlAdr><AdrLine>Dorfstrasse 16</AdrLine><AdrLine>3432 Lützelflüh-Goldbach</AdrLine></PstlAdr></FinInstnId></DbtrAgt></RltdAgts><RmtInf><Ustrd>REFERENZNUMMER FUNKTIONIERT NICHT 0</Ustrd><Ustrd>000 0000 0000 0000 0000 0956 707</Ustrd><Strd><AddtlRmtInf>?REJECT?0</AddtlRmtInf><AddtlRmtInf>?ERROR?000</AddtlRmtInf></Strd></RmtInf><RltdDts><AccptncDtTm>2022-11-04T20:00:00</AccptncDtTm></RltdDts></TxDtls></NtryDtls><AddtlNtryInf>GUTSCHRIFT AUFTRAGGEBER: NICOLE OGI KRIEGERSHAUS 729 3462 WEIER IM EMMENTAL MITTEILUNGEN: REFERENZNUMMER FUNKTIONIERT NICHT 0 000 0000 0000 0000 0000 0956 707 REFERENZEN: NOTPROVIDED 17024129682/4XXX 221104CH09FEMOEY</AddtlNtryInf></Ntry><Ntry><NtryRef>CH9209000000414939852</NtryRef><Amt Ccy="CHF">59.90</Amt><CdtDbtInd>CRDT</CdtDbtInd><RvslInd>false</RvslInd><Sts>BOOK</Sts><BookgDt><Dt>2022-11-04</Dt></BookgDt><ValDt><Dt>2022-11-04</Dt></ValDt><AcctSvcrRef>308220109FF5AISK</AcctSvcrRef><BkTxCd><Domn><Cd>PMNT</Cd><Fmly><Cd>RCDT</Cd><SubFmlyCd>ATXN</SubFmlyCd></Fmly></Domn></BkTxCd><NtryDtls><Btch><NbOfTxs>1</NbOfTxs></Btch><TxDtls><Refs><AcctSvcrRef>221104CH09FF5AIS</AcctSvcrRef><InstrId>1293718284/1XXXX</InstrId><EndToEndId>NOTPROVIDED</EndToEndId><Prtry><Tp>00</Tp><Ref>221104CH09FF5AIS</Ref></Prtry></Refs><Amt Ccy="CHF">59.90</Amt><CdtDbtInd>CRDT</CdtDbtInd><BkTxCd><Domn><Cd>PMNT</Cd><Fmly><Cd>RCDT</Cd><SubFmlyCd>ATXN</SubFmlyCd></Fmly></Domn></BkTxCd><RltdPties><Dbtr><Nm>Jacqueline Schenker</Nm><PstlAdr><AdrLine>Roessligass 1</AdrLine><AdrLine>CH-8733 Eschenbach SG</AdrLine></PstlAdr></Dbtr><DbtrAcct><Id><IBAN>CH3000781031649692000</IBAN></Id></DbtrAcct><CdtrAcct><Id><IBAN>CH9209000000414939852</IBAN></Id></CdtrAcct></RltdPties><RltdAgts><DbtrAgt><FinInstnId><ClrSysMmbId><MmbId>781</MmbId></ClrSysMmbId><Nm>St. Galler Kantonalbank AG</Nm><PstlAdr><AdrLine>9001 St. Gallen</AdrLine></PstlAdr></FinInstnId></DbtrAgt></RltdAgts><RmtInf><Ustrd>RE-00636 KUNDENNUMMER:  000851 </Ustrd><Strd><AddtlRmtInf>?REJECT?0</AddtlRmtInf><AddtlRmtInf>?ERROR?000</AddtlRmtInf></Strd></RmtInf><RltdDts><AccptncDtTm>2022-11-04T20:00:00</AccptncDtTm></RltdDts></TxDtls></NtryDtls><AddtlNtryInf>GUTSCHRIFT AUFTRAGGEBER: JACQUELINE SCHENKER ROESSLIGASS 1 CH-8733 ESCHENBACH SG MITTEILUNGEN: RE-00636 KUNDENNUMMER:  000851  REFERENZEN: NOTPROVIDED 1293718284/1XXXX 221104CH09FF5AIS</AddtlNtryInf></Ntry><Ntry><NtryRef>CH9209000000414939852</NtryRef><Amt Ccy="CHF">99.90</Amt><CdtDbtInd>CRDT</CdtDbtInd><RvslInd>false</RvslInd><Sts>BOOK</Sts><BookgDt><Dt>2022-11-04</Dt></BookgDt><ValDt><Dt>2022-11-04</Dt></ValDt><AcctSvcrRef>308220109FGZVJGK</AcctSvcrRef><BkTxCd><Domn><Cd>PMNT</Cd><Fmly><Cd>RCDT</Cd><SubFmlyCd>ATXN</SubFmlyCd></Fmly></Domn></BkTxCd><NtryDtls><Btch><NbOfTxs>1</NbOfTxs></Btch><TxDtls><Refs><AcctSvcrRef>221104CH09FGZVJG</AcctSvcrRef><InstrId>1418762743/1XXXX</InstrId><EndToEndId>NOTPROVIDED</EndToEndId><Prtry><Tp>00</Tp><Ref>221104CH09FGZVJG</Ref></Prtry></Refs><Amt Ccy="CHF">99.90</Amt><CdtDbtInd>CRDT</CdtDbtInd><BkTxCd><Domn><Cd>PMNT</Cd><Fmly><Cd>RCDT</Cd><SubFmlyCd>ATXN</SubFmlyCd></Fmly></Domn></BkTxCd><RltdPties><Dbtr><Nm>Raphael Iten</Nm><PstlAdr><AdrLine>Bibersteinerstrasse 26</AdrLine><AdrLine>5022 Rombach</AdrLine></PstlAdr></Dbtr><DbtrAcct><Id><IBAN>CH2500778011915056402</IBAN></Id></DbtrAcct><CdtrAcct><Id><IBAN>CH9209000000414939852</IBAN></Id></CdtrAcct></RltdPties><RltdAgts><DbtrAgt><FinInstnId><ClrSysMmbId><MmbId>778</MmbId></ClrSysMmbId><Nm>Luzerner Kantonalbank AG</Nm><PstlAdr><AdrLine>Pilatusstrasse 12</AdrLine><AdrLine>6002 Luzern</AdrLine></PstlAdr></FinInstnId></DbtrAgt></RltdAgts><RmtInf><Strd><AddtlRmtInf>?REJECT?0</AddtlRmtInf><AddtlRmtInf>?ERROR?000</AddtlRmtInf></Strd></RmtInf><RltdDts><AccptncDtTm>2022-11-04T20:00:00</AccptncDtTm></RltdDts></TxDtls></NtryDtls><AddtlNtryInf>GUTSCHRIFT AUFTRAGGEBER: RAPHAEL ITEN BIBERSTEINERSTRASSE 26 5022 ROMBACH REFERENZEN: NOTPROVIDED 1418762743/1XXXX 221104CH09FGZVJG</AddtlNtryInf></Ntry><Ntry><NtryRef>CH9209000000414939852</NtryRef><Amt Ccy="CHF">5744.56</Amt><CdtDbtInd>CRDT</CdtDbtInd><RvslInd>false</RvslInd><Sts>BOOK</Sts><BookgDt><Dt>2022-11-04</Dt></BookgDt><ValDt><Dt>2022-11-04</Dt></ValDt><AcctSvcrRef>308220009F8P1L5K</AcctSvcrRef><BkTxCd><Domn><Cd>PMNT</Cd><Fmly><Cd>RCDT</Cd><SubFmlyCd>AUTT</SubFmlyCd></Fmly></Domn></BkTxCd><NtryDtls><Btch><NbOfTxs>1</NbOfTxs></Btch><TxDtls><Refs><MsgId>TWINT20221102-101-Merchant</MsgId><AcctSvcrRef>221103CH09F8P1L5</AcctSvcrRef><PmtInfId>TWINT20221102-101-Merchant-B1</PmtInfId><InstrId>9d2c11da4a9043d6a6366d87e936a133</InstrId><EndToEndId>TWINT20221102-101-Merchant-B1</EndToEndId><Prtry><Tp>00</Tp><Ref>221103CH09F8P1L5</Ref></Prtry></Refs><Amt Ccy="CHF">5744.56</Amt><CdtDbtInd>CRDT</CdtDbtInd><BkTxCd><Domn><Cd>PMNT</Cd><Fmly><Cd>RCDT</Cd><SubFmlyCd>AUTT</SubFmlyCd></Fmly></Domn></BkTxCd><RltdPties><Dbtr><Nm>TWINT Acquiring AG</Nm><PstlAdr><StrtNm>Stauffacherstrasse</StrtNm><BldgNb>41</BldgNb><PstCd>8004</PstCd><TwnNm>Zürich</TwnNm><Ctry>CH</Ctry></PstlAdr></Dbtr><DbtrAcct><Id><IBAN>CH6609000000313087410</IBAN></Id></DbtrAcct><CdtrAcct><Id><IBAN>CH9209000000414939852</IBAN></Id></CdtrAcct></RltdPties><RltdAgts><DbtrAgt><FinInstnId><BICFI>POFICHBEXXX</BICFI><Nm>POSTFINANCE AG</Nm><PstlAdr><AdrLine>MINGERSTRASSE 20</AdrLine><AdrLine>3030 BERN</AdrLine></PstlAdr></FinInstnId></DbtrAgt></RltdAgts><RmtInf><Ustrd>999999 TWINT TWINT Auszahlungen Pay</Ustrd><Ustrd>out 20221103                       </Ustrd><Ustrd>   Gross: 5820.22 Fees: -75.66</Ustrd><Strd><AddtlRmtInf>?REJECT?0</AddtlRmtInf><AddtlRmtInf>?ERROR?000</AddtlRmtInf></Strd></RmtInf><RltdDts><AccptncDtTm>2022-11-04T20:00:00</AccptncDtTm></RltdDts></TxDtls></NtryDtls><AddtlNtryInf>GUTSCHRIFT CH6609000000313087410 ABSENDER: TWINT ACQUIRING AG STAUFFACHERSTRASSE 41 8004 ZÜRICH MITTEILUNGEN: 999999 TWINT TWINT AUSZAHLUNGEN PAY OUT 20221103                           GROSS: 5820.22 FEES: -75.66 REFERENZEN: TWINT20221102-101-MERCHANT-B1</AddtlNtryInf></Ntry><Ntry><NtryRef>CH9209000000414939852</NtryRef><Amt Ccy="CHF">40.70</Amt><CdtDbtInd>CRDT</CdtDbtInd><RvslInd>false</RvslInd><Sts>BOOK</Sts><BookgDt><Dt>2022-11-04</Dt></BookgDt><ValDt><Dt>2022-11-04</Dt></ValDt><AcctSvcrRef>308220109FISLPHK</AcctSvcrRef><BkTxCd><Domn><Cd>PMNT</Cd><Fmly><Cd>RCDT</Cd><SubFmlyCd>ATXN</SubFmlyCd></Fmly></Domn></BkTxCd><NtryDtls><Btch><NbOfTxs>1</NbOfTxs></Btch><TxDtls><Refs><AcctSvcrRef>221104CH09FISLPH</AcctSvcrRef><InstrId>230882192030001</InstrId><EndToEndId>97988379b6daf5520662d329ad6f3147</EndToEndId><Prtry><Tp>00</Tp><Ref>221104CH09FISLPH</Ref></Prtry></Refs><Amt Ccy="CHF">40.70</Amt><CdtDbtInd>CRDT</CdtDbtInd><BkTxCd><Domn><Cd>PMNT</Cd><Fmly><Cd>RCDT</Cd><SubFmlyCd>ATXN</SubFmlyCd></Fmly></Domn></BkTxCd><RltdPties><Dbtr><Nm>W.I.R.E. - WEB FOR INTERDISCIPLINARY RESEARCH . EXPERTISE SA</Nm><PstlAdr><StrtNm>Hallwylstrasse</StrtNm><BldgNb>22</BldgNb><PstCd>8004</PstCd><TwnNm>Zuerich</TwnNm><Ctry>CH</Ctry></PstlAdr></Dbtr><DbtrAcct><Id><IBAN>CH3000700110004913509</IBAN></Id></DbtrAcct><CdtrAcct><Id><IBAN>CH9209000000414939852</IBAN></Id></CdtrAcct></RltdPties><RltdAgts><DbtrAgt><FinInstnId><ClrSysMmbId><MmbId>700</MmbId></ClrSysMmbId><Nm>Zürcher Kantonalbank</Nm><PstlAdr><AdrLine>8010 Zürich</AdrLine></PstlAdr></FinInstnId></DbtrAgt></RltdAgts><RmtInf><Ustrd>93960</Ustrd><Strd><AddtlRmtInf>?REJECT?0</AddtlRmtInf><AddtlRmtInf>?ERROR?000</AddtlRmtInf></Strd></RmtInf><RltdDts><AccptncDtTm>2022-11-04T20:00:00</AccptncDtTm></RltdDts></TxDtls></NtryDtls><AddtlNtryInf>GUTSCHRIFT AUFTRAGGEBER: W.I.R.E. - WEB FOR INTERDISCIPLINAR Y RESEARCH . EXPERTISE SA HALLWYLSTRASSE 22 8004 ZUERICH MITTEILUNGEN: 93960 REFERENZEN: 97988379B6DAF5520662D329AD6F3147 230882192030001 221104CH09FISLPH</AddtlNtryInf></Ntry><Ntry><NtryRef>CH4330000001414939852</NtryRef><Amt Ccy="CHF">9523.21</Amt><CdtDbtInd>CRDT</CdtDbtInd><RvslInd>false</RvslInd><Sts>BOOK</Sts><BookgDt><Dt>2022-11-04</Dt></BookgDt><ValDt><Dt>2022-11-04</Dt></ValDt><AcctSvcrRef>308220009FL1UA0U</AcctSvcrRef><BkTxCd><Domn><Cd>PMNT</Cd><Fmly><Cd>RCDT</Cd><SubFmlyCd>VCOM</SubFmlyCd></Fmly></Domn></BkTxCd><Chrgs><TtlChrgsAndTaxAmt Ccy="CHF">5.15</TtlChrgsAndTaxAmt><Rcrd><Amt Ccy="CHF">5.15</Amt><CdtDbtInd>DBIT</CdtDbtInd><ChrgInclInd>false</ChrgInclInd><Tp><Prtry><Id>2</Id></Prtry></Tp></Rcrd></Chrgs><NtryDtls><TxDtls><Refs><AcctSvcrRef>308220009FL1UA0U</AcctSvcrRef></Refs><Amt Ccy="CHF">9523.21</Amt><CdtDbtInd>CRDT</CdtDbtInd></TxDtls></NtryDtls><AddtlNtryInf>SAMMELGUTSCHRIFT FÜR KONTO: CH4330000001414939852 VERARBEITUNG VOM 04.11.2022 PAKET ID: 221104CH000008YJ</AddtlNtryInf></Ntry><Ntry><Amt Ccy="CHF">59.90</Amt><CdtDbtInd>CRDT</CdtDbtInd><RvslInd>false</RvslInd><Sts>BOOK</Sts><BookgDt><Dt>2022-11-04</Dt></BookgDt><ValDt><Dt>2022-11-04</Dt></ValDt><AcctSvcrRef>3082400306451517</AcctSvcrRef><BkTxCd><Domn><Cd>PMNT</Cd><Fmly><Cd>MCRD</Cd><SubFmlyCd>POSP</SubFmlyCd></Fmly></Domn></BkTxCd><NtryDtls><TxDtls><Refs><AcctSvcrRef>3082400306451517</AcctSvcrRef></Refs><Amt Ccy="CHF">59.90</Amt><CdtDbtInd>CRDT</CdtDbtInd></TxDtls></NtryDtls><AddtlNtryInf>GUTSCHRIFT E-PAYMENT-TRANSAKTIONEN POSTFINANCE CARD EINLIEFERUNG VOM 03.11.2022 EVERSMART PRODUCTS HANDELS GMBH PFAQ08TZ0000001 WWW.FIEBERCHECK.CH</AddtlNtryInf></Ntry><Ntry><Amt Ccy="CHF">49.90</Amt><CdtDbtInd>CRDT</CdtDbtInd><RvslInd>false</RvslInd><Sts>BOOK</Sts><BookgDt><Dt>2022-11-04</Dt></BookgDt><ValDt><Dt>2022-11-04</Dt></ValDt><AcctSvcrRef>3082400306448838</AcctSvcrRef><BkTxCd><Domn><Cd>PMNT</Cd><Fmly><Cd>MCRD</Cd><SubFmlyCd>POSP</SubFmlyCd></Fmly></Domn></BkTxCd><NtryDtls><TxDtls><Refs><AcctSvcrRef>3082400306448838</AcctSvcrRef></Refs><Amt Ccy="CHF">49.90</Amt><CdtDbtInd>CRDT</CdtDbtInd></TxDtls></NtryDtls><AddtlNtryInf>GUTSCHRIFT E-PAYMENT-TRANSAKTIONEN POSTFINANCE CARD EINLIEFERUNG VOM 03.11.2022 EVERSMART PRODUCTS HANDELS GMBH PFAQ08UD0000001 WWW.AUGENGOLD.CH</AddtlNtryInf></Ntry></Stmt></BkToCstmrStmt></Document>
