<?xml version="1.0" encoding="UTF-8"?>
<Document xmlns="urn:iso:std:iso:20022:tech:xsd:camt.054.001.04" xmlns:xsi="http://www.w3.org/2001/XMLSchema-instance" xsi:schemaLocation="urn:iso:std:iso:20022:tech:xsd:camt.054.001.04 camt.054.001.04.xsd"><BkToCstmrDbtCdtNtfctn><GrpHdr><MsgId>20220920375204930176893</MsgId><CreDtTm>2022-09-20T23:37:25</CreDtTm><MsgPgntn><PgNb>1</PgNb><LastPgInd>true</LastPgInd></MsgPgntn><AddtlInf>SPS/1.7/PROD</AddtlInf></GrpHdr><Ntfctn><Id>20220920375204930176897</Id><CreDtTm>2022-09-20T23:37:25</CreDtTm><FrToDt><FrDtTm>2022-09-20T00:00:00</FrDtTm><ToDtTm>2022-09-20T23:59:59</ToDtTm></FrToDt><RptgSrc><Prtry>OTHR</Prtry></RptgSrc><Acct><Id><IBAN>CH9209000000414939852</IBAN></Id><Ownr><Nm>eversmart products Handels GmbH Pfäffikon SZ</Nm></Ownr></Acct><Ntry><NtryRef>CH9530000002414939852</NtryRef><Amt Ccy="CHF">149.80</Amt><CdtDbtInd>CRDT</CdtDbtInd><RvslInd>false</RvslInd><Sts>BOOK</Sts><BookgDt><Dt>2022-09-20</Dt></BookgDt><ValDt><Dt>2022-09-20</Dt></ValDt><AcctSvcrRef>26322000987ZBMQU</AcctSvcrRef><BkTxCd><Domn><Cd>PMNT</Cd><Fmly><Cd>RCDT</Cd><SubFmlyCd>VCOM</SubFmlyCd></Fmly></Domn></BkTxCd><NtryDtls><Btch><NbOfTxs>2</NbOfTxs></Btch><TxDtls><Refs><AcctSvcrRef>220920CH09826LAB</AcctSvcrRef><InstrId>16902293866/6XXX</InstrId><EndToEndId>NOTPROVIDED</EndToEndId><Prtry><Tp>00</Tp><Ref>20220920375204596209403</Ref></Prtry></Refs><Amt Ccy="CHF">49.90</Amt><CdtDbtInd>CRDT</CdtDbtInd><BkTxCd><Domn><Cd>PMNT</Cd><Fmly><Cd>RCDT</Cd><SubFmlyCd>ATXN</SubFmlyCd></Fmly></Domn></BkTxCd><RltdPties><Dbtr><Nm>Meriton Gashi</Nm><PstlAdr><AdrLine>Oswald-Heergasse 2</AdrLine><AdrLine>9244 Niederuzwil</AdrLine></PstlAdr></Dbtr><DbtrAcct><Id><IBAN>CH3080808008250839061</IBAN></Id></DbtrAcct><UltmtDbtr><Nm>Meriton Gashi</Nm><PstlAdr><AdrLine>Oswald Heer-Gasse 2</AdrLine><AdrLine>9244 Niederuzwil</AdrLine></PstlAdr></UltmtDbtr><CdtrAcct><Id><IBAN>CH9530000002414939852</IBAN></Id></CdtrAcct></RltdPties><RltdAgts><DbtrAgt><FinInstnId><ClrSysMmbId><MmbId>81291</MmbId></ClrSysMmbId><Nm>Raiffeisenbank Regio Uzwil</Nm><PstlAdr><AdrLine>Neudorf 8</AdrLine><AdrLine>9245 Oberbüren</AdrLine></PstlAdr></FinInstnId></DbtrAgt></RltdAgts><RmtInf><Strd><CdtrRefInf><Tp><CdOrPrtry><Prtry>QRR</Prtry></CdOrPrtry></Tp><Ref>000000000000000000000005055</Ref></CdtrRefInf><AddtlRmtInf>?REJECT?0</AddtlRmtInf><AddtlRmtInf>?ERROR?000</AddtlRmtInf><AddtlRmtInf>6811</AddtlRmtInf></Strd></RmtInf><RltdDts><AccptncDtTm>2022-09-20T20:00:00</AccptncDtTm></RltdDts></TxDtls><TxDtls><Refs><AcctSvcrRef>220920CH0982DM5W</AcctSvcrRef><InstrId>16902394336/4XXX</InstrId><EndToEndId>NOTPROVIDED</EndToEndId><Prtry><Tp>00</Tp><Ref>20220920375204596491559</Ref></Prtry></Refs><Amt Ccy="CHF">99.90</Amt><CdtDbtInd>CRDT</CdtDbtInd><BkTxCd><Domn><Cd>PMNT</Cd><Fmly><Cd>RCDT</Cd><SubFmlyCd>ATXN</SubFmlyCd></Fmly></Domn></BkTxCd><RltdPties><Dbtr><Nm>Rahel Simona Zaengerle</Nm><PstlAdr><AdrLine>Rigistrasse 42</AdrLine><AdrLine>6353 Weggis</AdrLine></PstlAdr></Dbtr><DbtrAcct><Id><IBAN>CH7580808006605537637</IBAN></Id></DbtrAcct><UltmtDbtr><Nm>Rahel Zangerle</Nm><PstlAdr><AdrLine>Rigistrasse 42</AdrLine><AdrLine>6353 Weggis</AdrLine></PstlAdr></UltmtDbtr><CdtrAcct><Id><IBAN>CH9530000002414939852</IBAN></Id></CdtrAcct></RltdPties><RltdAgts><DbtrAgt><FinInstnId><ClrSysMmbId><MmbId>81351</MmbId></ClrSysMmbId><Nm>Raiffeisenbank Rigi</Nm><PstlAdr><AdrLine>Postplatz 5</AdrLine><AdrLine>6430 Schwyz</AdrLine></PstlAdr></FinInstnId></DbtrAgt></RltdAgts><RmtInf><Strd><CdtrRefInf><Tp><CdOrPrtry><Prtry>QRR</Prtry></CdOrPrtry></Tp><Ref>000000000000000000000004990</Ref></CdtrRefInf><AddtlRmtInf>?REJECT?0</AddtlRmtInf><AddtlRmtInf>?ERROR?000</AddtlRmtInf><AddtlRmtInf>RE-00499</AddtlRmtInf></Strd></RmtInf><RltdDts><AccptncDtTm>2022-09-20T20:00:00</AccptncDtTm></RltdDts></TxDtls></NtryDtls><AddtlNtryInf>SAMMELGUTSCHRIFT FÜR KONTO: CH9530000002414939852 VERARBEITUNG VOM 20.09.2022 PAKET ID: 220920CH00000BH7</AddtlNtryInf></Ntry></Ntfctn></BkToCstmrDbtCdtNtfctn></Document>
