<?xml version="1.0" encoding="UTF-8"?>
<Document xmlns="urn:iso:std:iso:20022:tech:xsd:camt.053.001.04" xmlns:xsi="http://www.w3.org/2001/XMLSchema-instance" xsi:schemaLocation="urn:iso:std:iso:20022:tech:xsd:camt.053.001.04 camt.053.001.04.xsd"><BkToCstmrStmt><GrpHdr><MsgId>20220906375204922322807</MsgId><CreDtTm>2022-09-07T01:40:27</CreDtTm><MsgPgntn><PgNb>1</PgNb><LastPgInd>true</LastPgInd></MsgPgntn><AddtlInf>SPS/1.7/PROD</AddtlInf></GrpHdr><Stmt><Id>20220906375204922322830</Id><ElctrncSeqNb>174</ElctrncSeqNb><CreDtTm>2022-09-07T01:40:27</CreDtTm><FrToDt><FrDtTm>2022-09-06T00:00:00</FrDtTm><ToDtTm>2022-09-06T23:59:59</ToDtTm></FrToDt><Acct><Id><IBAN>CH9209000000414939852</IBAN></Id><Ownr><Nm>eversmart products Handels GmbH Pfäffikon SZ</Nm></Ownr></Acct><Bal><Tp><CdOrPrtry><Cd>OPBD</Cd></CdOrPrtry></Tp><Amt Ccy="CHF">85693.72</Amt><CdtDbtInd>CRDT</CdtDbtInd><Dt><Dt>2022-09-06</Dt></Dt></Bal><Bal><Tp><CdOrPrtry><Cd>CLBD</Cd></CdOrPrtry></Tp><Amt Ccy="CHF">66055.90</Amt><CdtDbtInd>CRDT</CdtDbtInd><Dt><Dt>2022-09-06</Dt></Dt></Bal><Bal><Tp><CdOrPrtry><Cd>CLAV</Cd></CdOrPrtry></Tp><Amt Ccy="CHF">66055.90</Amt><CdtDbtInd>CRDT</CdtDbtInd><Dt><Dt>2022-09-06</Dt></Dt></Bal><Ntry><Amt Ccy="CHF">30000.00</Amt><CdtDbtInd>DBIT</CdtDbtInd><RvslInd>false</RvslInd><Sts>BOOK</Sts><BookgDt><Dt>2022-09-06</Dt></BookgDt><ValDt><Dt>2022-09-06</Dt></ValDt><AcctSvcrRef>24922000963K2CIK</AcctSvcrRef><BkTxCd><Domn><Cd>PMNT</Cd><Fmly><Cd>ICDT</Cd><SubFmlyCd>DMCT</SubFmlyCd></Fmly></Domn></BkTxCd><NtryDtls><TxDtls><Refs><AcctSvcrRef>25-654719486-1</AcctSvcrRef><PmtInfId>25:654719486</PmtInfId><InstrId>20220905000800117209839</InstrId></Refs><Amt Ccy="CHF">30000.00</Amt><CdtDbtInd>DBIT</CdtDbtInd><BkTxCd><Domn><Cd>PMNT</Cd><Fmly><Cd>ICDT</Cd><SubFmlyCd>DMCT</SubFmlyCd></Fmly></Domn></BkTxCd><RltdPties><Cdtr><Nm>Godetra AG</Nm><PstlAdr><Ctry>CH</Ctry></PstlAdr></Cdtr><CdtrAcct><Id><IBAN>CH1504835030036301000</IBAN></Id></CdtrAcct></RltdPties><RltdAgts><CdtrAgt><FinInstnId><BICFI>CRESCHZZ80A</BICFI><Nm>Credit Suisse (Schweiz) AG</Nm><PstlAdr><Ctry>CH</Ctry><AdrLine>Paradeplatz 8 8070 Zürich</AdrLine></PstlAdr></FinInstnId></CdtrAgt></RltdAgts><RmtInf><Ustrd>Fulfillment Akonto</Ustrd><Strd><AddtlRmtInf>Fulfillment Akonto</AddtlRmtInf></Strd></RmtInf></TxDtls></NtryDtls><AddtlNtryInf>LASTSCHRIFT CREDIT SUISSE (SCHWEIZ) AG PARADEPLATZ 8 8070 ZÜRICH CH1504835030036301000 GODETRA AG SENDER REFERENZ: FULFILLMENT AKONTO 20220905000800117209839</AddtlNtryInf></Ntry><Ntry><NtryRef>CH9209000000414939852</NtryRef><Amt Ccy="CHF">233.90</Amt><CdtDbtInd>CRDT</CdtDbtInd><RvslInd>false</RvslInd><Sts>BOOK</Sts><BookgDt><Dt>2022-09-06</Dt></BookgDt><ValDt><Dt>2022-09-06</Dt></ValDt><AcctSvcrRef>24922010965TOOFK</AcctSvcrRef><BkTxCd><Domn><Cd>PMNT</Cd><Fmly><Cd>CNTR</Cd><SubFmlyCd>CDPT</SubFmlyCd></Fmly></Domn></BkTxCd><Chrgs><TtlChrgsAndTaxAmt Ccy="CHF">3.10</TtlChrgsAndTaxAmt><Rcrd><Amt Ccy="CHF">3.10</Amt><CdtDbtInd>DBIT</CdtDbtInd><ChrgInclInd>false</ChrgInclInd><Tp><Prtry><Id>2</Id></Prtry></Tp></Rcrd></Chrgs><NtryDtls><Btch><NbOfTxs>1</NbOfTxs></Btch><TxDtls><Refs><AcctSvcrRef>220906CH0965TOOF</AcctSvcrRef><InstrId>20220905829702000100038</InstrId><Prtry><Tp>00</Tp><Ref>20220905829702000100038</Ref></Prtry></Refs><Amt Ccy="CHF">233.90</Amt><CdtDbtInd>CRDT</CdtDbtInd><BkTxCd><Domn><Cd>PMNT</Cd><Fmly><Cd>CNTR</Cd><SubFmlyCd>CDPT</SubFmlyCd></Fmly></Domn></BkTxCd><Chrgs><TtlChrgsAndTaxAmt Ccy="CHF">3.10</TtlChrgsAndTaxAmt><Rcrd><Amt Ccy="CHF">3.10</Amt><CdtDbtInd>DBIT</CdtDbtInd><ChrgInclInd>false</ChrgInclInd><Tp><Prtry><Id>2</Id></Prtry></Tp></Rcrd></Chrgs><RltdPties><CdtrAcct><Id><IBAN>CH9209000000414939852</IBAN></Id></CdtrAcct></RltdPties><RltdAgts><DbtrAgt><FinInstnId><BICFI>POFICHBEXXX</BICFI><Nm>POSTFINANCE AG</Nm><PstlAdr><AdrLine>MINGERSTRASSE , 20</AdrLine><AdrLine>3030 BERN</AdrLine></PstlAdr></FinInstnId></DbtrAgt></RltdAgts><RmtInf><Strd><AddtlRmtInf>?REJECT?0</AddtlRmtInf><AddtlRmtInf>?ERROR?000</AddtlRmtInf></Strd></RmtInf><RltdDts><AccptncDtTm>2022-09-05T20:00:00</AccptncDtTm></RltdDts></TxDtls></NtryDtls><AddtlNtryInf>EINZAHLUNGSSCHEIN/QR-ZAHLTEIL REFERENZEN: 20220905829702000100038</AddtlNtryInf></Ntry><Ntry><NtryRef>CH9209000000414939852</NtryRef><Amt Ccy="CHF">59.90</Amt><CdtDbtInd>CRDT</CdtDbtInd><RvslInd>false</RvslInd><Sts>BOOK</Sts><BookgDt><Dt>2022-09-06</Dt></BookgDt><ValDt><Dt>2022-09-06</Dt></ValDt><AcctSvcrRef>249220109662ASUK</AcctSvcrRef><BkTxCd><Domn><Cd>PMNT</Cd><Fmly><Cd>RCDT</Cd><SubFmlyCd>ATXN</SubFmlyCd></Fmly></Domn></BkTxCd><NtryDtls><Btch><NbOfTxs>1</NbOfTxs></Btch><TxDtls><Refs><AcctSvcrRef>220906CH09662ASU</AcctSvcrRef><InstrId>1266986242/1XXXX</InstrId><EndToEndId>NOTPROVIDED</EndToEndId><Prtry><Tp>00</Tp><Ref>220906CH09662ASU</Ref></Prtry></Refs><Amt Ccy="CHF">59.90</Amt><CdtDbtInd>CRDT</CdtDbtInd><BkTxCd><Domn><Cd>PMNT</Cd><Fmly><Cd>RCDT</Cd><SubFmlyCd>ATXN</SubFmlyCd></Fmly></Domn></BkTxCd><RltdPties><Dbtr><Nm>Marco Cozzio</Nm><PstlAdr><AdrLine>Loobachstrasse 1c</AdrLine><AdrLine>CH-9212 Arnegg</AdrLine></PstlAdr></Dbtr><DbtrAcct><Id><IBAN>CH5200781015502402401</IBAN></Id></DbtrAcct><CdtrAcct><Id><IBAN>CH9209000000414939852</IBAN></Id></CdtrAcct></RltdPties><RltdAgts><DbtrAgt><FinInstnId><ClrSysMmbId><MmbId>781</MmbId></ClrSysMmbId><Nm>St. Galler Kantonalbank AG</Nm><PstlAdr><AdrLine>9001 St. Gallen</AdrLine></PstlAdr></FinInstnId></DbtrAgt></RltdAgts><RmtInf><Ustrd>RECHNUNG RE-92559 </Ustrd><Strd><AddtlRmtInf>?REJECT?0</AddtlRmtInf><AddtlRmtInf>?ERROR?000</AddtlRmtInf></Strd></RmtInf><RltdDts><AccptncDtTm>2022-09-06T20:00:00</AccptncDtTm></RltdDts></TxDtls></NtryDtls><AddtlNtryInf>GUTSCHRIFT AUFTRAGGEBER: MARCO COZZIO LOOBACHSTRASSE 1C CH-9212 ARNEGG MITTEILUNGEN: RECHNUNG RE-92559  REFERENZEN: NOTPROVIDED 1266986242/1XXXX 220906CH09662ASU</AddtlNtryInf></Ntry><Ntry><NtryRef>CH9209000000414939852</NtryRef><Amt Ccy="CHF">799.00</Amt><CdtDbtInd>CRDT</CdtDbtInd><RvslInd>false</RvslInd><Sts>BOOK</Sts><BookgDt><Dt>2022-09-06</Dt></BookgDt><ValDt><Dt>2022-09-06</Dt></ValDt><AcctSvcrRef>249220109622T2EK</AcctSvcrRef><BkTxCd><Domn><Cd>PMNT</Cd><Fmly><Cd>RCDT</Cd><SubFmlyCd>AUTT</SubFmlyCd></Fmly></Domn></BkTxCd><NtryDtls><Btch><NbOfTxs>1</NbOfTxs></Btch><TxDtls><Refs><AcctSvcrRef>220905CH09622T2E</AcctSvcrRef><InstrId>20220905000800115312499</InstrId><Prtry><Tp>00</Tp><Ref>220905CH09622T2E</Ref></Prtry></Refs><Amt Ccy="CHF">799.00</Amt><CdtDbtInd>CRDT</CdtDbtInd><BkTxCd><Domn><Cd>PMNT</Cd><Fmly><Cd>RCDT</Cd><SubFmlyCd>AUTT</SubFmlyCd></Fmly></Domn></BkTxCd><RltdPties><Dbtr><Nm>Lazzaro Veronica &amp;Raimi Ardian</Nm><PstlAdr><StrtNm>Engstringerstrasse</StrtNm><BldgNb>5</BldgNb><PstCd>8952</PstCd><TwnNm>Schlieren</TwnNm><Ctry>CH</Ctry></PstlAdr></Dbtr><DbtrAcct><Id><IBAN>CH6809000000156362631</IBAN></Id></DbtrAcct><CdtrAcct><Id><IBAN>CH9209000000414939852</IBAN></Id></CdtrAcct></RltdPties><RltdAgts><DbtrAgt><FinInstnId><BICFI>POFICHBEXXX</BICFI><Nm>POSTFINANCE AG</Nm><PstlAdr><AdrLine>MINGERSTRASSE , 20</AdrLine><AdrLine>3030 BERN</AdrLine></PstlAdr></FinInstnId></DbtrAgt></RltdAgts><RmtInf><Ustrd>Rechnung RE-92371</Ustrd><Strd><AddtlRmtInf>?REJECT?0</AddtlRmtInf><AddtlRmtInf>?ERROR?000</AddtlRmtInf></Strd></RmtInf><RltdDts><AccptncDtTm>2022-09-06T20:00:00</AccptncDtTm></RltdDts></TxDtls></NtryDtls><AddtlNtryInf>GUTSCHRIFT CH6809000000156362631 ABSENDER: LAZZARO VERONICA &amp;RAIMI ARDIAN ENGSTRINGERSTRASSE 5 8952 SCHLIEREN MITTEILUNGEN: RECHNUNG RE-92371</AddtlNtryInf></Ntry><Ntry><NtryRef>CH9209000000414939852</NtryRef><Amt Ccy="CHF">1273.90</Amt><CdtDbtInd>CRDT</CdtDbtInd><RvslInd>false</RvslInd><Sts>BOOK</Sts><BookgDt><Dt>2022-09-06</Dt></BookgDt><ValDt><Dt>2022-09-06</Dt></ValDt><AcctSvcrRef>2492200095VH4DGK</AcctSvcrRef><BkTxCd><Domn><Cd>PMNT</Cd><Fmly><Cd>RCDT</Cd><SubFmlyCd>AUTT</SubFmlyCd></Fmly></Domn></BkTxCd><NtryDtls><Btch><NbOfTxs>1</NbOfTxs></Btch><TxDtls><Refs><MsgId>TWINT20220902-101-Merchant</MsgId><AcctSvcrRef>220903CH095VH4DG</AcctSvcrRef><PmtInfId>TWINT20220902-101-Merchant-B1</PmtInfId><InstrId>7e898f4854ca480fada83c4833c27ba5</InstrId><EndToEndId>TWINT20220902-101-Merchant-B1</EndToEndId><Prtry><Tp>00</Tp><Ref>220903CH095VH4DG</Ref></Prtry></Refs><Amt Ccy="CHF">1273.90</Amt><CdtDbtInd>CRDT</CdtDbtInd><BkTxCd><Domn><Cd>PMNT</Cd><Fmly><Cd>RCDT</Cd><SubFmlyCd>AUTT</SubFmlyCd></Fmly></Domn></BkTxCd><RltdPties><Dbtr><Nm>TWINT Acquiring AG</Nm><PstlAdr><StrtNm>Stauffacherstrasse</StrtNm><BldgNb>41</BldgNb><PstCd>8004</PstCd><TwnNm>Zürich</TwnNm><Ctry>CH</Ctry></PstlAdr></Dbtr><DbtrAcct><Id><IBAN>CH6609000000313087410</IBAN></Id></DbtrAcct><CdtrAcct><Id><IBAN>CH9209000000414939852</IBAN></Id></CdtrAcct></RltdPties><RltdAgts><DbtrAgt><FinInstnId><BICFI>POFICHBEXXX</BICFI><Nm>POSTFINANCE AG</Nm><PstlAdr><AdrLine>MINGERSTRASSE , 20</AdrLine><AdrLine>3030 BERN</AdrLine></PstlAdr></FinInstnId></DbtrAgt></RltdAgts><RmtInf><Ustrd>999999 TWINT TWINT Auszahlungen Pay</Ustrd><Ustrd>out 20220903                       </Ustrd><Ustrd>   Gross: 1290.69 Fees: -16.79</Ustrd><Strd><AddtlRmtInf>?REJECT?0</AddtlRmtInf><AddtlRmtInf>?ERROR?000</AddtlRmtInf></Strd></RmtInf><RltdDts><AccptncDtTm>2022-09-05T20:00:00</AccptncDtTm></RltdDts></TxDtls></NtryDtls><AddtlNtryInf>GUTSCHRIFT CH6609000000313087410 ABSENDER: TWINT ACQUIRING AG STAUFFACHERSTRASSE 41 8004 ZÜRICH MITTEILUNGEN: 999999 TWINT TWINT AUSZAHLUNGEN PAY OUT 20220903                           GROSS: 1290.69 FEES: -16.79 REFERENZEN: TWINT20220902-101-MERCHANT-B1</AddtlNtryInf></Ntry><Ntry><NtryRef>CH9209000000414939852</NtryRef><Amt Ccy="CHF">827.29</Amt><CdtDbtInd>CRDT</CdtDbtInd><RvslInd>false</RvslInd><Sts>BOOK</Sts><BookgDt><Dt>2022-09-06</Dt></BookgDt><ValDt><Dt>2022-09-06</Dt></ValDt><AcctSvcrRef>2492200095ZJ7ZZK</AcctSvcrRef><BkTxCd><Domn><Cd>PMNT</Cd><Fmly><Cd>RCDT</Cd><SubFmlyCd>AUTT</SubFmlyCd></Fmly></Domn></BkTxCd><NtryDtls><Btch><NbOfTxs>1</NbOfTxs></Btch><TxDtls><Refs><MsgId>TWINT20220904-101-Merchant</MsgId><AcctSvcrRef>220905CH095ZJ7ZZ</AcctSvcrRef><PmtInfId>TWINT20220904-101-Merchant-B1</PmtInfId><InstrId>8682fc7b0dde4be0b8ba25e0d1f70473</InstrId><EndToEndId>TWINT20220904-101-Merchant-B1</EndToEndId><Prtry><Tp>00</Tp><Ref>220905CH095ZJ7ZZ</Ref></Prtry></Refs><Amt Ccy="CHF">827.29</Amt><CdtDbtInd>CRDT</CdtDbtInd><BkTxCd><Domn><Cd>PMNT</Cd><Fmly><Cd>RCDT</Cd><SubFmlyCd>AUTT</SubFmlyCd></Fmly></Domn></BkTxCd><RltdPties><Dbtr><Nm>TWINT Acquiring AG</Nm><PstlAdr><StrtNm>Stauffacherstrasse</StrtNm><BldgNb>41</BldgNb><PstCd>8004</PstCd><TwnNm>Zürich</TwnNm><Ctry>CH</Ctry></PstlAdr></Dbtr><DbtrAcct><Id><IBAN>CH6609000000313087410</IBAN></Id></DbtrAcct><CdtrAcct><Id><IBAN>CH9209000000414939852</IBAN></Id></CdtrAcct></RltdPties><RltdAgts><DbtrAgt><FinInstnId><BICFI>POFICHBEXXX</BICFI><Nm>POSTFINANCE AG</Nm><PstlAdr><AdrLine>MINGERSTRASSE , 20</AdrLine><AdrLine>3030 BERN</AdrLine></PstlAdr></FinInstnId></DbtrAgt></RltdAgts><RmtInf><Ustrd>999999 TWINT TWINT Auszahlungen Pay</Ustrd><Ustrd>out 20220905                       </Ustrd><Ustrd>   Gross: 838.20 Fees: -10.91</Ustrd><Strd><AddtlRmtInf>?REJECT?0</AddtlRmtInf><AddtlRmtInf>?ERROR?000</AddtlRmtInf></Strd></RmtInf><RltdDts><AccptncDtTm>2022-09-06T20:00:00</AccptncDtTm></RltdDts></TxDtls></NtryDtls><AddtlNtryInf>GUTSCHRIFT CH6609000000313087410 ABSENDER: TWINT ACQUIRING AG STAUFFACHERSTRASSE 41 8004 ZÜRICH MITTEILUNGEN: 999999 TWINT TWINT AUSZAHLUNGEN PAY OUT 20220905                           GROSS: 838.20 FEES: -10.91 REFERENZEN: TWINT20220904-101-MERCHANT-B1</AddtlNtryInf></Ntry><Ntry><NtryRef>CH9209000000414939852</NtryRef><Amt Ccy="CHF">1815.97</Amt><CdtDbtInd>CRDT</CdtDbtInd><RvslInd>false</RvslInd><Sts>BOOK</Sts><BookgDt><Dt>2022-09-06</Dt></BookgDt><ValDt><Dt>2022-09-06</Dt></ValDt><AcctSvcrRef>2492200095WX274K</AcctSvcrRef><BkTxCd><Domn><Cd>PMNT</Cd><Fmly><Cd>RCDT</Cd><SubFmlyCd>AUTT</SubFmlyCd></Fmly></Domn></BkTxCd><NtryDtls><Btch><NbOfTxs>1</NbOfTxs></Btch><TxDtls><Refs><MsgId>TWINT20220903-101-Merchant</MsgId><AcctSvcrRef>220904CH095WX274</AcctSvcrRef><PmtInfId>TWINT20220903-101-Merchant-B1</PmtInfId><InstrId>5752c464de7e4775b117c87299f69b04</InstrId><EndToEndId>TWINT20220903-101-Merchant-B1</EndToEndId><Prtry><Tp>00</Tp><Ref>220904CH095WX274</Ref></Prtry></Refs><Amt Ccy="CHF">1815.97</Amt><CdtDbtInd>CRDT</CdtDbtInd><BkTxCd><Domn><Cd>PMNT</Cd><Fmly><Cd>RCDT</Cd><SubFmlyCd>AUTT</SubFmlyCd></Fmly></Domn></BkTxCd><RltdPties><Dbtr><Nm>TWINT Acquiring AG</Nm><PstlAdr><StrtNm>Stauffacherstrasse</StrtNm><BldgNb>41</BldgNb><PstCd>8004</PstCd><TwnNm>Zürich</TwnNm><Ctry>CH</Ctry></PstlAdr></Dbtr><DbtrAcct><Id><IBAN>CH6609000000313087410</IBAN></Id></DbtrAcct><CdtrAcct><Id><IBAN>CH9209000000414939852</IBAN></Id></CdtrAcct></RltdPties><RltdAgts><DbtrAgt><FinInstnId><BICFI>POFICHBEXXX</BICFI><Nm>POSTFINANCE AG</Nm><PstlAdr><AdrLine>MINGERSTRASSE , 20</AdrLine><AdrLine>3030 BERN</AdrLine></PstlAdr></FinInstnId></DbtrAgt></RltdAgts><RmtInf><Ustrd>999999 TWINT TWINT Auszahlungen Pay</Ustrd><Ustrd>out 20220904                       </Ustrd><Ustrd>   Gross: 1839.90 Fees: -23.93</Ustrd><Strd><AddtlRmtInf>?REJECT?0</AddtlRmtInf><AddtlRmtInf>?ERROR?000</AddtlRmtInf></Strd></RmtInf><RltdDts><AccptncDtTm>2022-09-05T20:00:00</AccptncDtTm></RltdDts></TxDtls></NtryDtls><AddtlNtryInf>GUTSCHRIFT CH6609000000313087410 ABSENDER: TWINT ACQUIRING AG STAUFFACHERSTRASSE 41 8004 ZÜRICH MITTEILUNGEN: 999999 TWINT TWINT AUSZAHLUNGEN PAY OUT 20220904                           GROSS: 1839.90 FEES: -23.93 REFERENZEN: TWINT20220903-101-MERCHANT-B1</AddtlNtryInf></Ntry><Ntry><NtryRef>CH9209000000414939852</NtryRef><Amt Ccy="CHF">1108.00</Amt><CdtDbtInd>CRDT</CdtDbtInd><RvslInd>false</RvslInd><Sts>BOOK</Sts><BookgDt><Dt>2022-09-06</Dt></BookgDt><ValDt><Dt>2022-09-06</Dt></ValDt><AcctSvcrRef>2492201096AFJMXK</AcctSvcrRef><BkTxCd><Domn><Cd>PMNT</Cd><Fmly><Cd>RCDT</Cd><SubFmlyCd>ATXN</SubFmlyCd></Fmly></Domn></BkTxCd><NtryDtls><Btch><NbOfTxs>1</NbOfTxs></Btch><TxDtls><Refs><AcctSvcrRef>220906CH096AFJMX</AcctSvcrRef><InstrId>RE42209068-17774</InstrId><EndToEndId>0018001297</EndToEndId><Prtry><Tp>00</Tp><Ref>220906CH096AFJMX</Ref></Prtry></Refs><Amt Ccy="CHF">1108.00</Amt><CdtDbtInd>CRDT</CdtDbtInd><BkTxCd><Domn><Cd>PMNT</Cd><Fmly><Cd>RCDT</Cd><SubFmlyCd>ATXN</SubFmlyCd></Fmly></Domn></BkTxCd><RltdPties><Dbtr><Nm>SITECO SWITZERLAND AG</Nm><PstlAdr><AdrLine>ZURCHERSTRASSE 46 CH-8400 WINTERTHU</AdrLine><AdrLine>R</AdrLine></PstlAdr></Dbtr><DbtrAcct><Id><IBAN>CH8987801001002194001</IBAN></Id></DbtrAcct><CdtrAcct><Id><IBAN>CH9209000000414939852</IBAN></Id></CdtrAcct></RltdPties><RltdAgts><DbtrAgt><FinInstnId><BICFI>DEUTCHZZXXX</BICFI><Nm>DEUTSCHE BANK AG ZURICH BRANCH</Nm><PstlAdr><AdrLine>URANIASTRASSE , 9</AdrLine><AdrLine>8023 ZUERICH</AdrLine></PstlAdr></FinInstnId></DbtrAgt></RltdAgts><RmtInf><Ustrd>0018001297 20220810/RE-91372/1108.0</Ustrd><Ustrd>0 0011000947</Ustrd><Strd><AddtlRmtInf>?REJECT?0</AddtlRmtInf><AddtlRmtInf>?ERROR?000</AddtlRmtInf></Strd></RmtInf><RltdDts><AccptncDtTm>2022-09-06T20:00:00</AccptncDtTm></RltdDts></TxDtls></NtryDtls><AddtlNtryInf>GUTSCHRIFT AUFTRAGGEBER: SITECO SWITZERLAND AG ZURCHERSTRASSE 46 CH-8400 WINTERTHU R MITTEILUNGEN: 0018001297 20220810/RE-91372/1108.0 0 0011000947 REFERENZEN: 0018001297 RE42209068-17774 220906CH096AFJMX</AddtlNtryInf></Ntry><Ntry><NtryRef>CH4330000001414939852</NtryRef><Amt Ccy="CHF">4144.32</Amt><CdtDbtInd>CRDT</CdtDbtInd><RvslInd>false</RvslInd><Sts>BOOK</Sts><BookgDt><Dt>2022-09-06</Dt></BookgDt><ValDt><Dt>2022-09-06</Dt></ValDt><AcctSvcrRef>2492200096CHF9QU</AcctSvcrRef><BkTxCd><Domn><Cd>PMNT</Cd><Fmly><Cd>RCDT</Cd><SubFmlyCd>VCOM</SubFmlyCd></Fmly></Domn></BkTxCd><Chrgs><TtlChrgsAndTaxAmt Ccy="CHF">5.15</TtlChrgsAndTaxAmt><Rcrd><Amt Ccy="CHF">5.15</Amt><CdtDbtInd>DBIT</CdtDbtInd><ChrgInclInd>false</ChrgInclInd><Tp><Prtry><Id>2</Id></Prtry></Tp></Rcrd></Chrgs><NtryDtls><TxDtls><Refs><AcctSvcrRef>2492200096CHF9QU</AcctSvcrRef></Refs><Amt Ccy="CHF">4144.32</Amt><CdtDbtInd>CRDT</CdtDbtInd></TxDtls></NtryDtls><AddtlNtryInf>SAMMELGUTSCHRIFT FÜR KONTO: CH4330000001414939852 VERARBEITUNG VOM 06.09.2022 PAKET ID: 220906CH0000087R</AddtlNtryInf></Ntry><Ntry><NtryRef>CH9530000002414939852</NtryRef><Amt Ccy="CHF">99.90</Amt><CdtDbtInd>CRDT</CdtDbtInd><RvslInd>false</RvslInd><Sts>BOOK</Sts><BookgDt><Dt>2022-09-06</Dt></BookgDt><ValDt><Dt>2022-09-06</Dt></ValDt><AcctSvcrRef>2492200096CHESHU</AcctSvcrRef><BkTxCd><Domn><Cd>PMNT</Cd><Fmly><Cd>RCDT</Cd><SubFmlyCd>VCOM</SubFmlyCd></Fmly></Domn></BkTxCd><NtryDtls><TxDtls><Refs><AcctSvcrRef>2492200096CHESHU</AcctSvcrRef></Refs><Amt Ccy="CHF">99.90</Amt><CdtDbtInd>CRDT</CdtDbtInd></TxDtls></NtryDtls><AddtlNtryInf>SAMMELGUTSCHRIFT FÜR KONTO: CH9530000002414939852 VERARBEITUNG VOM 06.09.2022 PAKET ID: 220906CH00000CJJ</AddtlNtryInf></Ntry></Stmt></BkToCstmrStmt></Document>
