<?xml version="1.0" encoding="UTF-8"?>
<Document xmlns="urn:iso:std:iso:20022:tech:xsd:camt.053.001.04" xmlns:xsi="http://www.w3.org/2001/XMLSchema-instance" xsi:schemaLocation="urn:iso:std:iso:20022:tech:xsd:camt.053.001.04 camt.053.001.04.xsd"><BkToCstmrStmt><GrpHdr><MsgId>20220722375204887101669</MsgId><CreDtTm>2022-07-23T01:33:31</CreDtTm><MsgPgntn><PgNb>1</PgNb><LastPgInd>true</LastPgInd></MsgPgntn><AddtlInf>SPS/1.7/PROD</AddtlInf></GrpHdr><Stmt><Id>20220722375204887101700</Id><ElctrncSeqNb>142</ElctrncSeqNb><CreDtTm>2022-07-23T01:33:31</CreDtTm><FrToDt><FrDtTm>2022-07-22T00:00:00</FrDtTm><ToDtTm>2022-07-22T23:59:59</ToDtTm></FrToDt><Acct><Id><IBAN>CH9209000000414939852</IBAN></Id><Ownr><Nm>eversmart products Handels GmbH Pfäffikon SZ</Nm></Ownr></Acct><Bal><Tp><CdOrPrtry><Cd>OPBD</Cd></CdOrPrtry></Tp><Amt Ccy="CHF">100766.44</Amt><CdtDbtInd>CRDT</CdtDbtInd><Dt><Dt>2022-07-22</Dt></Dt></Bal><Bal><Tp><CdOrPrtry><Cd>CLBD</Cd></CdOrPrtry></Tp><Amt Ccy="CHF">114331.98</Amt><CdtDbtInd>CRDT</CdtDbtInd><Dt><Dt>2022-07-22</Dt></Dt></Bal><Bal><Tp><CdOrPrtry><Cd>CLAV</Cd></CdOrPrtry></Tp><Amt Ccy="CHF">114331.98</Amt><CdtDbtInd>CRDT</CdtDbtInd><Dt><Dt>2022-07-22</Dt></Dt></Bal><Ntry><Amt Ccy="CHF">859.00</Amt><CdtDbtInd>CRDT</CdtDbtInd><RvslInd>false</RvslInd><Sts>BOOK</Sts><BookgDt><Dt>2022-07-22</Dt></BookgDt><ValDt><Dt>2022-07-22</Dt></ValDt><AcctSvcrRef>203220108Z742RCK</AcctSvcrRef><BkTxCd><Domn><Cd>PMNT</Cd><Fmly><Cd>RCDT</Cd><SubFmlyCd>ATXN</SubFmlyCd></Fmly></Domn></BkTxCd><NtryDtls><Btch><NbOfTxs>1</NbOfTxs></Btch><TxDtls><Refs><AcctSvcrRef>220722CH08Z742RC</AcctSvcrRef><InstrId>220325782510019</InstrId><EndToEndId>693</EndToEndId><Prtry><Tp>00</Tp><Ref>220722CH08Z742RC</Ref></Prtry></Refs><Amt Ccy="CHF">859.00</Amt><CdtDbtInd>CRDT</CdtDbtInd><BkTxCd><Domn><Cd>PMNT</Cd><Fmly><Cd>RCDT</Cd><SubFmlyCd>ATXN</SubFmlyCd></Fmly></Domn></BkTxCd><RltdPties><Dbtr><Nm>Zoppas Industries Switzerland AG</Nm><PstlAdr><StrtNm>Daettlikonerstr.</StrtNm><BldgNb>5</BldgNb><PstCd>8422</PstCd><TwnNm>Pfungen</TwnNm><Ctry>CH</Ctry></PstlAdr></Dbtr><DbtrAcct><Id><IBAN>CH7200700113200048909</IBAN></Id></DbtrAcct><CdtrAcct><Id><IBAN>CH9209000000414939852</IBAN></Id></CdtrAcct></RltdPties><RltdAgts><DbtrAgt><FinInstnId><ClrSysMmbId><MmbId>700</MmbId></ClrSysMmbId><Nm>Zürcher Kantonalbank</Nm><PstlAdr><AdrLine>8010 Zürich</AdrLine></PstlAdr></FinInstnId></DbtrAgt></RltdAgts><RmtInf><Ustrd>RE-88440</Ustrd><Strd><AddtlRmtInf>?REJECT?0</AddtlRmtInf><AddtlRmtInf>?ERROR?000</AddtlRmtInf></Strd></RmtInf><RltdDts><AccptncDtTm>2022-07-22T20:00:00</AccptncDtTm></RltdDts></TxDtls></NtryDtls><AddtlNtryInf>GUTSCHRIFT AUFTRAGGEBER: Zoppas Industries Switzerland AG Daettlikonerstr. 5 8422 Pfungen MITTEILUNGEN: RE-88440 REFERENZEN: 693 220325782510019 220722CH08Z742RC</AddtlNtryInf></Ntry><Ntry><Amt Ccy="CHF">349.25</Amt><CdtDbtInd>DBIT</CdtDbtInd><RvslInd>false</RvslInd><Sts>BOOK</Sts><BookgDt><Dt>2022-07-22</Dt></BookgDt><ValDt><Dt>2022-07-22</Dt></ValDt><AcctSvcrRef>203220008VO1Y81K</AcctSvcrRef><BkTxCd><Domn><Cd>PMNT</Cd><Fmly><Cd>ICDT</Cd><SubFmlyCd>BOOK</SubFmlyCd></Fmly></Domn></BkTxCd><NtryDtls><TxDtls><Refs><AcctSvcrRef>25-613769119-1</AcctSvcrRef><PmtInfId>25:613769119</PmtInfId><InstrId>20220629000800022685762</InstrId></Refs><Amt Ccy="CHF">349.25</Amt><CdtDbtInd>DBIT</CdtDbtInd><BkTxCd><Domn><Cd>PMNT</Cd><Fmly><Cd>ICDT</Cd><SubFmlyCd>BOOK</SubFmlyCd></Fmly></Domn></BkTxCd><RltdPties><Cdtr><Nm>Eidg. Steuerverwaltung</Nm><PstlAdr><Ctry>CH</Ctry><AdrLine>Mehrwertsteuer Bern</AdrLine></PstlAdr></Cdtr><CdtrAcct><Id><IBAN>CH1130000001300000375</IBAN></Id></CdtrAcct></RltdPties><RltdAgts><CdtrAgt><FinInstnId><BICFI>POFICHBEXXX</BICFI><PstlAdr><Ctry>CH</Ctry></PstlAdr></FinInstnId></CdtrAgt></RltdAgts><RmtInf><Strd><CdtrRefInf><Tp><CdOrPrtry><Prtry>QRR</Prtry></CdOrPrtry></Tp><Ref>804003202120140552016723686</Ref></CdtrRefInf><AddtlRmtInf>MWST Verzugszins Q4</AddtlRmtInf></Strd></RmtInf></TxDtls></NtryDtls><AddtlNtryInf>LASTSCHRIFT CH1130000001300000375 Eidg. Steuerverwaltung Mehrwertsteuer Bern SENDER REFERENZ: MWST Verzugszins Q4 20220629000800022685762</AddtlNtryInf></Ntry><Ntry><Amt Ccy="CHF">2214.00</Amt><CdtDbtInd>CRDT</CdtDbtInd><RvslInd>false</RvslInd><Sts>BOOK</Sts><BookgDt><Dt>2022-07-22</Dt></BookgDt><ValDt><Dt>2022-07-22</Dt></ValDt><AcctSvcrRef>203220108Z7H68BK</AcctSvcrRef><BkTxCd><Domn><Cd>PMNT</Cd><Fmly><Cd>RCDT</Cd><SubFmlyCd>ATXN</SubFmlyCd></Fmly></Domn></BkTxCd><NtryDtls><Btch><NbOfTxs>1</NbOfTxs></Btch><TxDtls><Refs><AcctSvcrRef>220722CH08Z7H68B</AcctSvcrRef><InstrId>16754323906/4XXX</InstrId><EndToEndId>OLPAYMENTTAN.1.5832</EndToEndId><Prtry><Tp>00</Tp><Ref>220722CH08Z7H68B</Ref></Prtry></Refs><Amt Ccy="CHF">2214.00</Amt><CdtDbtInd>CRDT</CdtDbtInd><BkTxCd><Domn><Cd>PMNT</Cd><Fmly><Cd>RCDT</Cd><SubFmlyCd>ATXN</SubFmlyCd></Fmly></Domn></BkTxCd><RltdPties><Dbtr><Nm>Dr. Ihde Dental AG</Nm><PstlAdr><AdrLine>Dorfplatz 11</AdrLine><AdrLine>8737 Gommiswald</AdrLine></PstlAdr></Dbtr><DbtrAcct><Id><IBAN>CH1480808002916116672</IBAN></Id></DbtrAcct><CdtrAcct><Id><IBAN>CH9209000000414939852</IBAN></Id></CdtrAcct></RltdPties><RltdAgts><DbtrAgt><FinInstnId><ClrSysMmbId><MmbId>81256</MmbId></ClrSysMmbId><Nm>Raiffeisenbank Benken</Nm><PstlAdr><AdrLine>Zentrumplatz 1</AdrLine><AdrLine>8717 Benken SG</AdrLine></PstlAdr></FinInstnId></DbtrAgt></RltdAgts><RmtInf><Ustrd>KdNr K081196,06.07.22  89577  2 214</Ustrd><Ustrd>.00</Ustrd><Strd><AddtlRmtInf>?REJECT?0</AddtlRmtInf><AddtlRmtInf>?ERROR?000</AddtlRmtInf></Strd></RmtInf><RltdDts><AccptncDtTm>2022-07-22T20:00:00</AccptncDtTm></RltdDts></TxDtls></NtryDtls><AddtlNtryInf>GUTSCHRIFT AUFTRAGGEBER: Dr. Ihde Dental AG Dorfplatz 11 8737 Gommiswald MITTEILUNGEN: KdNr K081196,06.07.22  89577  2 214 .00 REFERENZEN: OLPAYMENTTAN.1.5832 16754323906/4XXX 220722CH08Z7H68B</AddtlNtryInf></Ntry><Ntry><Amt Ccy="CHF">65.53</Amt><CdtDbtInd>CRDT</CdtDbtInd><RvslInd>false</RvslInd><Sts>BOOK</Sts><BookgDt><Dt>2022-07-22</Dt></BookgDt><ValDt><Dt>2022-07-22</Dt></ValDt><AcctSvcrRef>203220108Z8X94XK</AcctSvcrRef><BkTxCd><Domn><Cd>PMNT</Cd><Fmly><Cd>RCDT</Cd><SubFmlyCd>ATXN</SubFmlyCd></Fmly></Domn></BkTxCd><NtryDtls><Btch><NbOfTxs>1</NbOfTxs></Btch><TxDtls><Refs><AcctSvcrRef>220722CH08Z8X94X</AcctSvcrRef><InstrId>LON03238138578</InstrId><EndToEndId>NOTPROVIDED</EndToEndId><Prtry><Tp>00</Tp><Ref>220722CH08Z8X94X</Ref></Prtry></Refs><Amt Ccy="CHF">65.53</Amt><CdtDbtInd>CRDT</CdtDbtInd><BkTxCd><Domn><Cd>PMNT</Cd><Fmly><Cd>RCDT</Cd><SubFmlyCd>ATXN</SubFmlyCd></Fmly></Domn></BkTxCd><RltdPties><Dbtr><Nm>STRIPE PAYMENTS UK LTD</Nm><PstlAdr><AdrLine>9TH FLOOR, 107 CHEAPSIDE GB - LONDO</AdrLine><AdrLine>N EC2V 6DN</AdrLine></PstlAdr></Dbtr><DbtrAcct><Id><IBAN>DK6289000000010375</IBAN></Id></DbtrAcct><CdtrAcct><Id><IBAN>CH9209000000414939852</IBAN></Id></CdtrAcct></RltdPties><RltdAgts><DbtrAgt><FinInstnId><BICFI>CITIGB2LXXX</BICFI><Nm>CITIBANK N.A.</Nm><PstlAdr><AdrLine>CITIBANK CENTRE25 CANADA SQUARE</AdrLine><AdrLine>E14 5LB LONDON</AdrLine></PstlAdr></FinInstnId></DbtrAgt></RltdAgts><RmtInf><Ustrd>STRIPE A1A4S6</Ustrd><Strd><AddtlRmtInf>?REJECT?0</AddtlRmtInf><AddtlRmtInf>?ERROR?000</AddtlRmtInf></Strd></RmtInf><RltdDts><AccptncDtTm>2022-07-22T20:00:00</AccptncDtTm></RltdDts></TxDtls></NtryDtls><AddtlNtryInf>GUTSCHRIFT AUFTRAGGEBER: STRIPE PAYMENTS UK LTD 9TH FLOOR, 107 CHEAPSIDE GB - LONDO N EC2V 6DN MITTEILUNGEN: STRIPE A1A4S6 SPESENBETRAG 0.00 CHF SHA REFERENZEN: NOTPROVIDED LON03238138578 220722CH08Z8X94X</AddtlNtryInf></Ntry><Ntry><Amt Ccy="CHF">978.00</Amt><CdtDbtInd>CRDT</CdtDbtInd><RvslInd>false</RvslInd><Sts>BOOK</Sts><BookgDt><Dt>2022-07-22</Dt></BookgDt><ValDt><Dt>2022-07-22</Dt></ValDt><AcctSvcrRef>203220108Z9VBA0K</AcctSvcrRef><BkTxCd><Domn><Cd>PMNT</Cd><Fmly><Cd>RCDT</Cd><SubFmlyCd>ATXN</SubFmlyCd></Fmly></Domn></BkTxCd><NtryDtls><Btch><NbOfTxs>1</NbOfTxs></Btch><TxDtls><Refs><AcctSvcrRef>220722CH08Z9VBA0</AcctSvcrRef><InstrId>16755752298/6XXX</InstrId><EndToEndId>NOTPROVIDED</EndToEndId><Prtry><Tp>00</Tp><Ref>220722CH08Z9VBA0</Ref></Prtry></Refs><Amt Ccy="CHF">978.00</Amt><CdtDbtInd>CRDT</CdtDbtInd><BkTxCd><Domn><Cd>PMNT</Cd><Fmly><Cd>RCDT</Cd><SubFmlyCd>ATXN</SubFmlyCd></Fmly></Domn></BkTxCd><RltdPties><Dbtr><Nm>Andre Schwerzmann</Nm><PstlAdr><AdrLine>Obergsteigweg 7</AdrLine><AdrLine>6403 Kuessnacht am Rigi</AdrLine></PstlAdr></Dbtr><DbtrAcct><Id><IBAN>CH6280808004514013977</IBAN></Id></DbtrAcct><CdtrAcct><Id><IBAN>CH9209000000414939852</IBAN></Id></CdtrAcct></RltdPties><RltdAgts><DbtrAgt><FinInstnId><ClrSysMmbId><MmbId>81351</MmbId></ClrSysMmbId><Nm>Raiffeisenbank Rigi</Nm><PstlAdr><AdrLine>Postplatz 5</AdrLine><AdrLine>6430 Schwyz</AdrLine></PstlAdr></FinInstnId></DbtrAgt></RltdAgts><RmtInf><Ustrd>89328, 078374</Ustrd><Strd><AddtlRmtInf>?REJECT?0</AddtlRmtInf><AddtlRmtInf>?ERROR?000</AddtlRmtInf></Strd></RmtInf><RltdDts><AccptncDtTm>2022-07-22T20:00:00</AccptncDtTm></RltdDts></TxDtls></NtryDtls><AddtlNtryInf>GUTSCHRIFT AUFTRAGGEBER: Andre Schwerzmann Obergsteigweg 7 6403 Kuessnacht am Rigi MITTEILUNGEN: 89328, 078374 REFERENZEN: NOTPROVIDED 16755752298/6XXX 220722CH08Z9VBA0</AddtlNtryInf></Ntry><Ntry><Amt Ccy="CHF">2506.96</Amt><CdtDbtInd>CRDT</CdtDbtInd><RvslInd>false</RvslInd><Sts>BOOK</Sts><BookgDt><Dt>2022-07-22</Dt></BookgDt><ValDt><Dt>2022-07-22</Dt></ValDt><AcctSvcrRef>203220008Z6BMZZK</AcctSvcrRef><BkTxCd><Domn><Cd>PMNT</Cd><Fmly><Cd>RCDT</Cd><SubFmlyCd>AUTT</SubFmlyCd></Fmly></Domn></BkTxCd><NtryDtls><Btch><NbOfTxs>1</NbOfTxs></Btch><TxDtls><Refs><MsgId>TWINT20220720-101-Merchant</MsgId><AcctSvcrRef>220721CH08Z6BMZZ</AcctSvcrRef><PmtInfId>TWINT20220720-101-Merchant-B1</PmtInfId><InstrId>6361e6a8f7b746f69a1b708958613094</InstrId><EndToEndId>TWINT20220720-101-Merchant-B1</EndToEndId><Prtry><Tp>00</Tp><Ref>220721CH08Z6BMZZ</Ref></Prtry></Refs><Amt Ccy="CHF">2506.96</Amt><CdtDbtInd>CRDT</CdtDbtInd><BkTxCd><Domn><Cd>PMNT</Cd><Fmly><Cd>RCDT</Cd><SubFmlyCd>AUTT</SubFmlyCd></Fmly></Domn></BkTxCd><RltdPties><Dbtr><Nm>TWINT Acquiring AG</Nm><PstlAdr><StrtNm>Stauffacherstrasse</StrtNm><BldgNb>41</BldgNb><PstCd>8004</PstCd><TwnNm>Zürich</TwnNm><Ctry>CH</Ctry></PstlAdr></Dbtr><DbtrAcct><Id><IBAN>CH6609000000313087410</IBAN></Id></DbtrAcct><CdtrAcct><Id><IBAN>CH9209000000414939852</IBAN></Id></CdtrAcct></RltdPties><RltdAgts><DbtrAgt><FinInstnId><BICFI>POFICHBEXXX</BICFI><Nm>POSTFINANCE AG</Nm><PstlAdr><AdrLine>MINGERSTRASSE , 20</AdrLine><AdrLine>3030 BERN</AdrLine></PstlAdr></FinInstnId></DbtrAgt></RltdAgts><RmtInf><Ustrd>999999 TWINT TWINT Auszahlungen Pay</Ustrd><Ustrd>out 20220721                       </Ustrd><Ustrd>   Gross: 2540.00 Fees: -33.04</Ustrd><Strd><AddtlRmtInf>?REJECT?0</AddtlRmtInf><AddtlRmtInf>?ERROR?000</AddtlRmtInf></Strd></RmtInf><RltdDts><AccptncDtTm>2022-07-22T20:00:00</AccptncDtTm></RltdDts></TxDtls></NtryDtls><AddtlNtryInf>GUTSCHRIFT CH6609000000313087410 ABSENDER: TWINT Acquiring AG Stauffacherstrasse 41 8004 Zürich MITTEILUNGEN: 999999 TWINT TWINT Auszahlungen Pay out 20220721                           Gross: 2540.00 Fees: -33.04 REFERENZEN: TWINT20220720-101-Merchant-B1</AddtlNtryInf></Ntry><Ntry><NtryRef>CH4330000001414939852</NtryRef><Amt Ccy="CHF">7246.60</Amt><CdtDbtInd>CRDT</CdtDbtInd><RvslInd>false</RvslInd><Sts>BOOK</Sts><BookgDt><Dt>2022-07-22</Dt></BookgDt><ValDt><Dt>2022-07-22</Dt></ValDt><AcctSvcrRef>203220008ZCUBWIU</AcctSvcrRef><BkTxCd><Domn><Cd>PMNT</Cd><Fmly><Cd>RCDT</Cd><SubFmlyCd>VCOM</SubFmlyCd></Fmly></Domn></BkTxCd><Chrgs><TtlChrgsAndTaxAmt Ccy="CHF">1.60</TtlChrgsAndTaxAmt><Rcrd><Amt Ccy="CHF">1.60</Amt><CdtDbtInd>DBIT</CdtDbtInd><ChrgInclInd>false</ChrgInclInd><Tp><Prtry><Id>2</Id></Prtry></Tp></Rcrd></Chrgs><NtryDtls><TxDtls><Refs><AcctSvcrRef>203220008ZCUBWIU</AcctSvcrRef></Refs><Amt Ccy="CHF">7246.60</Amt><CdtDbtInd>CRDT</CdtDbtInd></TxDtls></NtryDtls><AddtlNtryInf>SAMMELGUTSCHRIFT FÜR KONTO: CH4330000001414939852 VERARBEITUNG VOM 22.07.2022 PAKET ID: 220722CH000006LQ</AddtlNtryInf></Ntry><Ntry><Amt Ccy="CHF">44.70</Amt><CdtDbtInd>CRDT</CdtDbtInd><RvslInd>false</RvslInd><Sts>BOOK</Sts><BookgDt><Dt>2022-07-22</Dt></BookgDt><ValDt><Dt>2022-07-22</Dt></ValDt><AcctSvcrRef>2032400137965531</AcctSvcrRef><BkTxCd><Domn><Cd>PMNT</Cd><Fmly><Cd>MCRD</Cd><SubFmlyCd>POSP</SubFmlyCd></Fmly></Domn></BkTxCd><NtryDtls><TxDtls><Refs><AcctSvcrRef>2032400137965531</AcctSvcrRef></Refs><Amt Ccy="CHF">44.70</Amt><CdtDbtInd>CRDT</CdtDbtInd></TxDtls></NtryDtls><AddtlNtryInf>GUTSCHRIFT E-PAYMENT-TRANSAKTIONEN POSTFINANCE CARD EINLIEFERUNG VOM 21.07.2022 Eversmart Products Handels GmbH PFAQ08RZ0000001 www.happysmell.ch</AddtlNtryInf></Ntry></Stmt></BkToCstmrStmt></Document>
