<?xml version="1.0" encoding="UTF-8"?>
<Document xmlns="urn:iso:std:iso:20022:tech:xsd:camt.053.001.04" xmlns:xsi="http://www.w3.org/2001/XMLSchema-instance" xsi:schemaLocation="urn:iso:std:iso:20022:tech:xsd:camt.053.001.04 camt.053.001.04.xsd"><BkToCstmrStmt><GrpHdr><MsgId>20220915375204927773889</MsgId><CreDtTm>2022-09-16T01:36:50</CreDtTm><MsgPgntn><PgNb>1</PgNb><LastPgInd>true</LastPgInd></MsgPgntn><AddtlInf>SPS/1.7/PROD</AddtlInf></GrpHdr><Stmt><Id>20220915375204927773910</Id><ElctrncSeqNb>181</ElctrncSeqNb><CreDtTm>2022-09-16T01:36:50</CreDtTm><FrToDt><FrDtTm>2022-09-15T00:00:00</FrDtTm><ToDtTm>2022-09-15T23:59:59</ToDtTm></FrToDt><Acct><Id><IBAN>CH9209000000414939852</IBAN></Id><Ownr><Nm>eversmart products Handels GmbH Pfäffikon SZ</Nm></Ownr></Acct><Bal><Tp><CdOrPrtry><Cd>OPBD</Cd></CdOrPrtry></Tp><Amt Ccy="CHF">116881.26</Amt><CdtDbtInd>CRDT</CdtDbtInd><Dt><Dt>2022-09-15</Dt></Dt></Bal><Bal><Tp><CdOrPrtry><Cd>CLBD</Cd></CdOrPrtry></Tp><Amt Ccy="CHF">124603.52</Amt><CdtDbtInd>CRDT</CdtDbtInd><Dt><Dt>2022-09-15</Dt></Dt></Bal><Bal><Tp><CdOrPrtry><Cd>CLAV</Cd></CdOrPrtry></Tp><Amt Ccy="CHF">124603.52</Amt><CdtDbtInd>CRDT</CdtDbtInd><Dt><Dt>2022-09-15</Dt></Dt></Bal><Ntry><NtryRef>CH9209000000414939852</NtryRef><Amt Ccy="CHF">795.35</Amt><CdtDbtInd>CRDT</CdtDbtInd><RvslInd>false</RvslInd><Sts>BOOK</Sts><BookgDt><Dt>2022-09-15</Dt></BookgDt><ValDt><Dt>2022-09-15</Dt></ValDt><AcctSvcrRef>2582200097HLP3KK</AcctSvcrRef><BkTxCd><Domn><Cd>PMNT</Cd><Fmly><Cd>RCDT</Cd><SubFmlyCd>ATXN</SubFmlyCd></Fmly></Domn></BkTxCd><NtryDtls><Btch><NbOfTxs>1</NbOfTxs></Btch><TxDtls><Refs><AcctSvcrRef>220914CH097HLP3K</AcctSvcrRef><InstrId>XW3000-CT2022-09-14-13.25.09.837999</InstrId><EndToEndId>0084000529</EndToEndId><Prtry><Tp>00</Tp><Ref>220914CH097HLP3K</Ref></Prtry></Refs><Amt Ccy="CHF">795.35</Amt><CdtDbtInd>CRDT</CdtDbtInd><AmtDtls><TxAmt><Amt Ccy="EUR">838.00</Amt><CcyXchg><SrcCcy>EUR</SrcCcy><TrgtCcy>CHF</TrgtCcy><XchgRate>0.9491</XchgRate></CcyXchg></TxAmt></AmtDtls><BkTxCd><Domn><Cd>PMNT</Cd><Fmly><Cd>RCDT</Cd><SubFmlyCd>ATXN</SubFmlyCd></Fmly></Domn></BkTxCd><RltdPties><Dbtr><Nm>Imperial Steel Transport GmbH</Nm><PstlAdr><AdrLine>Kasteelstr. Group Accounting 2</AdrLine><AdrLine>47119 Duisburg</AdrLine></PstlAdr></Dbtr><DbtrAcct><Id><IBAN>DE22300600100000112723</IBAN></Id></DbtrAcct><CdtrAcct><Id><IBAN>CH9209000000414939852</IBAN></Id></CdtrAcct></RltdPties><RltdAgts><DbtrAgt><FinInstnId><BICFI>GENODEDDXXX</BICFI><Nm>DZ BANK AG (FORMERLY WGZ BANK AG)</Nm><PstlAdr><AdrLine>LUDWIG ERHARD ALLEE 20</AdrLine><AdrLine>40227 DUESSELDORF</AdrLine></PstlAdr></FinInstnId></DbtrAgt></RltdAgts><RmtInf><Ustrd>See Avis or: (RE-90641/EUR 838.00)</Ustrd><Strd><AddtlRmtInf>?REJECT?0</AddtlRmtInf><AddtlRmtInf>?ERROR?000</AddtlRmtInf></Strd></RmtInf><RltdDts><AccptncDtTm>2022-09-15T20:00:00</AccptncDtTm></RltdDts></TxDtls></NtryDtls><AddtlNtryInf>GUTSCHRIFT SEPA TRANSAKTION EUR 838.00 ZUM KURS VON 0.9491 AUFTRAGGEBER: IMPERIAL STEEL TRANSPORT GMBH KASTEELSTR. GROUP ACCOUNTING 2 47119 DUISBURG MITTEILUNGEN: SEE AVIS OR: (RE-90641/EUR 838.00) REFERENZEN: 0084000529 XW3000-CT2022-09-14-13.25.09.837999 220914CH097HLP3K</AddtlNtryInf></Ntry><Ntry><NtryRef>CH9209000000414939852</NtryRef><Amt Ccy="CHF">989.03</Amt><CdtDbtInd>CRDT</CdtDbtInd><RvslInd>false</RvslInd><Sts>BOOK</Sts><BookgDt><Dt>2022-09-15</Dt></BookgDt><ValDt><Dt>2022-09-15</Dt></ValDt><AcctSvcrRef>2582201097JVRLGK</AcctSvcrRef><BkTxCd><Domn><Cd>PMNT</Cd><Fmly><Cd>RCDT</Cd><SubFmlyCd>ATXN</SubFmlyCd></Fmly></Domn></BkTxCd><NtryDtls><Btch><NbOfTxs>1</NbOfTxs></Btch><TxDtls><Refs><AcctSvcrRef>220915CH097JVRLG</AcctSvcrRef><InstrId>LON03248454386</InstrId><EndToEndId>NOTPROVIDED</EndToEndId><Prtry><Tp>00</Tp><Ref>220915CH097JVRLG</Ref></Prtry></Refs><Amt Ccy="CHF">989.03</Amt><CdtDbtInd>CRDT</CdtDbtInd><BkTxCd><Domn><Cd>PMNT</Cd><Fmly><Cd>RCDT</Cd><SubFmlyCd>ATXN</SubFmlyCd></Fmly></Domn></BkTxCd><RltdPties><Dbtr><Nm>STRIPE PAYMENTS UK LTD</Nm><PstlAdr><AdrLine>9TH FLOOR, 107 CHEAPSIDE GB - LONDO</AdrLine><AdrLine>N EC2V 6DN</AdrLine></PstlAdr></Dbtr><DbtrAcct><Id><IBAN>DK6289000000010375</IBAN></Id></DbtrAcct><CdtrAcct><Id><IBAN>CH9209000000414939852</IBAN></Id></CdtrAcct></RltdPties><RltdAgts><DbtrAgt><FinInstnId><BICFI>CITIGB2LXXX</BICFI><Nm>CITIBANK N.A.</Nm><PstlAdr><AdrLine>CITIBANK CENTRE25 CANADA SQUARE</AdrLine><AdrLine>E14 5LB LONDON</AdrLine></PstlAdr></FinInstnId></DbtrAgt></RltdAgts><RmtInf><Ustrd>STRIPE E8Q3A9</Ustrd><Strd><AddtlRmtInf>?REJECT?0</AddtlRmtInf><AddtlRmtInf>?ERROR?000</AddtlRmtInf></Strd></RmtInf><RltdDts><AccptncDtTm>2022-09-15T20:00:00</AccptncDtTm></RltdDts></TxDtls></NtryDtls><AddtlNtryInf>GUTSCHRIFT AUFTRAGGEBER: STRIPE PAYMENTS UK LTD 9TH FLOOR, 107 CHEAPSIDE GB - LONDO N EC2V 6DN MITTEILUNGEN: STRIPE E8Q3A9 SPESENBETRAG 0.00 CHF SHA REFERENZEN: NOTPROVIDED LON03248454386 220915CH097JVRLG</AddtlNtryInf></Ntry><Ntry><NtryRef>CH9209000000414939852</NtryRef><Amt Ccy="CHF">3135.06</Amt><CdtDbtInd>CRDT</CdtDbtInd><RvslInd>false</RvslInd><Sts>BOOK</Sts><BookgDt><Dt>2022-09-15</Dt></BookgDt><ValDt><Dt>2022-09-15</Dt></ValDt><AcctSvcrRef>2582200097D8DMGK</AcctSvcrRef><BkTxCd><Domn><Cd>PMNT</Cd><Fmly><Cd>RCDT</Cd><SubFmlyCd>AUTT</SubFmlyCd></Fmly></Domn></BkTxCd><NtryDtls><Btch><NbOfTxs>1</NbOfTxs></Btch><TxDtls><Refs><MsgId>TWINT20220913-101-Merchant</MsgId><AcctSvcrRef>220914CH097D8DMG</AcctSvcrRef><PmtInfId>TWINT20220913-101-Merchant-B1</PmtInfId><InstrId>4dd7e46e8fdd4549a040eecbe57b8692</InstrId><EndToEndId>TWINT20220913-101-Merchant-B1</EndToEndId><Prtry><Tp>00</Tp><Ref>220914CH097D8DMG</Ref></Prtry></Refs><Amt Ccy="CHF">3135.06</Amt><CdtDbtInd>CRDT</CdtDbtInd><BkTxCd><Domn><Cd>PMNT</Cd><Fmly><Cd>RCDT</Cd><SubFmlyCd>AUTT</SubFmlyCd></Fmly></Domn></BkTxCd><RltdPties><Dbtr><Nm>TWINT Acquiring AG</Nm><PstlAdr><StrtNm>Stauffacherstrasse</StrtNm><BldgNb>41</BldgNb><PstCd>8004</PstCd><TwnNm>Zürich</TwnNm><Ctry>CH</Ctry></PstlAdr></Dbtr><DbtrAcct><Id><IBAN>CH6609000000313087410</IBAN></Id></DbtrAcct><CdtrAcct><Id><IBAN>CH9209000000414939852</IBAN></Id></CdtrAcct></RltdPties><RltdAgts><DbtrAgt><FinInstnId><BICFI>POFICHBEXXX</BICFI><Nm>POSTFINANCE AG</Nm><PstlAdr><AdrLine>MINGERSTRASSE , 20</AdrLine><AdrLine>3030 BERN</AdrLine></PstlAdr></FinInstnId></DbtrAgt></RltdAgts><RmtInf><Ustrd>999999 TWINT TWINT Auszahlungen Pay</Ustrd><Ustrd>out 20220914                       </Ustrd><Ustrd>   Gross: 3176.37 Fees: -41.31</Ustrd><Strd><AddtlRmtInf>?REJECT?0</AddtlRmtInf><AddtlRmtInf>?ERROR?000</AddtlRmtInf></Strd></RmtInf><RltdDts><AccptncDtTm>2022-09-15T20:00:00</AccptncDtTm></RltdDts></TxDtls></NtryDtls><AddtlNtryInf>GUTSCHRIFT CH6609000000313087410 ABSENDER: TWINT ACQUIRING AG STAUFFACHERSTRASSE 41 8004 ZÜRICH MITTEILUNGEN: 999999 TWINT TWINT AUSZAHLUNGEN PAY OUT 20220914                           GROSS: 3176.37 FEES: -41.31 REFERENZEN: TWINT20220913-101-MERCHANT-B1</AddtlNtryInf></Ntry><Ntry><NtryRef>CH9209000000414939852</NtryRef><Amt Ccy="CHF">799.00</Amt><CdtDbtInd>CRDT</CdtDbtInd><RvslInd>false</RvslInd><Sts>BOOK</Sts><BookgDt><Dt>2022-09-15</Dt></BookgDt><ValDt><Dt>2022-09-15</Dt></ValDt><AcctSvcrRef>2582201097L4P28K</AcctSvcrRef><BkTxCd><Domn><Cd>PMNT</Cd><Fmly><Cd>RCDT</Cd><SubFmlyCd>ATXN</SubFmlyCd></Fmly></Domn></BkTxCd><NtryDtls><Btch><NbOfTxs>1</NbOfTxs></Btch><TxDtls><Refs><AcctSvcrRef>220915CH097L4P28</AcctSvcrRef><InstrId>20915403404.0001</InstrId><EndToEndId>NOTPROVIDED</EndToEndId><Prtry><Tp>00</Tp><Ref>220915CH097L4P28</Ref></Prtry></Refs><Amt Ccy="CHF">799.00</Amt><CdtDbtInd>CRDT</CdtDbtInd><BkTxCd><Domn><Cd>PMNT</Cd><Fmly><Cd>RCDT</Cd><SubFmlyCd>ATXN</SubFmlyCd></Fmly></Domn></BkTxCd><RltdPties><Dbtr><Nm>Confiserie Tea-Room Zurcher Sarl</Nm><PstlAdr><StrtNm>rue Haute</StrtNm><BldgNb>23</BldgNb><PstCd>2013</PstCd><TwnNm>Colombier NE</TwnNm><Ctry>CH</Ctry></PstlAdr></Dbtr><DbtrAcct><Id><IBAN>CH0500766000A35380163</IBAN></Id></DbtrAcct><CdtrAcct><Id><IBAN>CH9209000000414939852</IBAN></Id></CdtrAcct></RltdPties><RltdAgts><DbtrAgt><FinInstnId><ClrSysMmbId><MmbId>766</MmbId></ClrSysMmbId><Nm>Banque Cantonale Neuchâteloise</Nm><PstlAdr><AdrLine>2001 Neuchâtel</AdrLine></PstlAdr></FinInstnId></DbtrAgt></RltdAgts><RmtInf><Strd><AddtlRmtInf>?REJECT?0</AddtlRmtInf><AddtlRmtInf>?ERROR?000</AddtlRmtInf></Strd></RmtInf><RltdDts><AccptncDtTm>2022-09-15T20:00:00</AccptncDtTm></RltdDts></TxDtls></NtryDtls><AddtlNtryInf>GUTSCHRIFT AUFTRAGGEBER: CONFISERIE TEA-ROOM ZURCHER SARL RUE HAUTE 23 2013 COLOMBIER NE REFERENZEN: NOTPROVIDED 20915403404.0001 220915CH097L4P28</AddtlNtryInf></Ntry><Ntry><NtryRef>CH4330000001414939852</NtryRef><Amt Ccy="CHF">1726.50</Amt><CdtDbtInd>CRDT</CdtDbtInd><RvslInd>false</RvslInd><Sts>BOOK</Sts><BookgDt><Dt>2022-09-15</Dt></BookgDt><ValDt><Dt>2022-09-15</Dt></ValDt><AcctSvcrRef>2582200097NPS7WU</AcctSvcrRef><BkTxCd><Domn><Cd>PMNT</Cd><Fmly><Cd>RCDT</Cd><SubFmlyCd>VCOM</SubFmlyCd></Fmly></Domn></BkTxCd><Chrgs><TtlChrgsAndTaxAmt Ccy="CHF">5.55</TtlChrgsAndTaxAmt><Rcrd><Amt Ccy="CHF">5.55</Amt><CdtDbtInd>DBIT</CdtDbtInd><ChrgInclInd>false</ChrgInclInd><Tp><Prtry><Id>2</Id></Prtry></Tp></Rcrd></Chrgs><NtryDtls><TxDtls><Refs><AcctSvcrRef>2582200097NPS7WU</AcctSvcrRef></Refs><Amt Ccy="CHF">1726.50</Amt><CdtDbtInd>CRDT</CdtDbtInd></TxDtls></NtryDtls><AddtlNtryInf>SAMMELGUTSCHRIFT FÜR KONTO: CH4330000001414939852 VERARBEITUNG VOM 15.09.2022 PAKET ID: 220915CH0000077V</AddtlNtryInf></Ntry><Ntry><NtryRef>CH9530000002414939852</NtryRef><Amt Ccy="CHF">197.42</Amt><CdtDbtInd>CRDT</CdtDbtInd><RvslInd>false</RvslInd><Sts>BOOK</Sts><BookgDt><Dt>2022-09-15</Dt></BookgDt><ValDt><Dt>2022-09-15</Dt></ValDt><AcctSvcrRef>2582200097NPVLMU</AcctSvcrRef><BkTxCd><Domn><Cd>PMNT</Cd><Fmly><Cd>RCDT</Cd><SubFmlyCd>VCOM</SubFmlyCd></Fmly></Domn></BkTxCd><Chrgs><TtlChrgsAndTaxAmt Ccy="CHF">1.60</TtlChrgsAndTaxAmt><Rcrd><Amt Ccy="CHF">1.60</Amt><CdtDbtInd>DBIT</CdtDbtInd><ChrgInclInd>false</ChrgInclInd><Tp><Prtry><Id>2</Id></Prtry></Tp></Rcrd></Chrgs><NtryDtls><TxDtls><Refs><AcctSvcrRef>2582200097NPVLMU</AcctSvcrRef></Refs><Amt Ccy="CHF">197.42</Amt><CdtDbtInd>CRDT</CdtDbtInd></TxDtls></NtryDtls><AddtlNtryInf>SAMMELGUTSCHRIFT FÜR KONTO: CH9530000002414939852 VERARBEITUNG VOM 15.09.2022 PAKET ID: 220915CH00000BX7</AddtlNtryInf></Ntry><Ntry><Amt Ccy="CHF">79.90</Amt><CdtDbtInd>CRDT</CdtDbtInd><RvslInd>false</RvslInd><Sts>BOOK</Sts><BookgDt><Dt>2022-09-15</Dt></BookgDt><ValDt><Dt>2022-09-15</Dt></ValDt><AcctSvcrRef>2582400224004186</AcctSvcrRef><BkTxCd><Domn><Cd>PMNT</Cd><Fmly><Cd>MCRD</Cd><SubFmlyCd>POSP</SubFmlyCd></Fmly></Domn></BkTxCd><NtryDtls><TxDtls><Refs><AcctSvcrRef>2582400224004186</AcctSvcrRef></Refs><Amt Ccy="CHF">79.90</Amt><CdtDbtInd>CRDT</CdtDbtInd></TxDtls></NtryDtls><AddtlNtryInf>GUTSCHRIFT E-PAYMENT-TRANSAKTIONEN POSTFINANCE CARD EINLIEFERUNG VOM 14.09.2022 EVERSMART PRODUCTS HANDELS GMBH PFAQ0AXC0000001 HTTPS://VALGUSMED.CH/</AddtlNtryInf></Ntry></Stmt></BkToCstmrStmt></Document>
