<?xml version="1.0" encoding="UTF-8"?>
<Document xmlns="urn:iso:std:iso:20022:tech:xsd:camt.053.001.04" xmlns:xsi="http://www.w3.org/2001/XMLSchema-instance" xsi:schemaLocation="urn:iso:std:iso:20022:tech:xsd:camt.053.001.04 camt.053.001.04.xsd"><BkToCstmrStmt><GrpHdr><MsgId>20220731375204894304313</MsgId><CreDtTm>2022-08-01T01:54:38</CreDtTm><MsgPgntn><PgNb>1</PgNb><LastPgInd>true</LastPgInd></MsgPgntn><AddtlInf>SPS/1.7/PROD</AddtlInf></GrpHdr><Stmt><Id>20220731375204894304372</Id><ElctrncSeqNb>148</ElctrncSeqNb><CreDtTm>2022-08-01T01:54:38</CreDtTm><FrToDt><FrDtTm>2022-07-30T00:00:00</FrDtTm><ToDtTm>2022-07-31T23:59:59</ToDtTm></FrToDt><Acct><Id><IBAN>CH1209000000917587047</IBAN></Id><Ownr><Nm>eversmart products Handels GmbH Pfäffikon SZ</Nm></Ownr></Acct><Bal><Tp><CdOrPrtry><Cd>OPBD</Cd></CdOrPrtry></Tp><Amt Ccy="EUR">2948.98</Amt><CdtDbtInd>CRDT</CdtDbtInd><Dt><Dt>2022-07-30</Dt></Dt></Bal><Bal><Tp><CdOrPrtry><Cd>CLBD</Cd></CdOrPrtry></Tp><Amt Ccy="EUR">2943.85</Amt><CdtDbtInd>CRDT</CdtDbtInd><Dt><Dt>2022-07-31</Dt></Dt></Bal><Bal><Tp><CdOrPrtry><Cd>CLAV</Cd></CdOrPrtry></Tp><Amt Ccy="EUR">2943.85</Amt><CdtDbtInd>CRDT</CdtDbtInd><Dt><Dt>2022-07-31</Dt></Dt></Bal><Ntry><Amt Ccy="EUR">5.13</Amt><CdtDbtInd>DBIT</CdtDbtInd><RvslInd>false</RvslInd><Sts>BOOK</Sts><BookgDt><Dt>2022-07-31</Dt></BookgDt><ValDt><Dt>2022-07-31</Dt></ValDt><AcctSvcrRef>2122100173331861</AcctSvcrRef><BkTxCd><Domn><Cd>ACMT</Cd><Fmly><Cd>ADOP</Cd><SubFmlyCd>CHRG</SubFmlyCd></Fmly></Domn></BkTxCd><NtryDtls><TxDtls><Refs><AcctSvcrRef>2122100173331861</AcctSvcrRef></Refs><Amt Ccy="EUR">5.13</Amt><CdtDbtInd>DBIT</CdtDbtInd></TxDtls></NtryDtls><AddtlNtryInf>PREIS FÜR DIE KONTOFÜHRUNG</AddtlNtryInf></Ntry></Stmt></BkToCstmrStmt></Document>
