<?xml version="1.0" encoding="UTF-8"?>
<Document xmlns="urn:iso:std:iso:20022:tech:xsd:camt.053.001.04" xmlns:xsi="http://www.w3.org/2001/XMLSchema-instance" xsi:schemaLocation="urn:iso:std:iso:20022:tech:xsd:camt.053.001.04 camt.053.001.04.xsd"><BkToCstmrStmt><GrpHdr><MsgId>20220908375204923724607</MsgId><CreDtTm>2022-09-09T01:32:23</CreDtTm><MsgPgntn><PgNb>1</PgNb><LastPgInd>true</LastPgInd></MsgPgntn><AddtlInf>SPS/1.7/PROD</AddtlInf></GrpHdr><Stmt><Id>20220908375204923724636</Id><ElctrncSeqNb>176</ElctrncSeqNb><CreDtTm>2022-09-09T01:32:23</CreDtTm><FrToDt><FrDtTm>2022-09-08T00:00:00</FrDtTm><ToDtTm>2022-09-08T23:59:59</ToDtTm></FrToDt><Acct><Id><IBAN>CH9209000000414939852</IBAN></Id><Ownr><Nm>eversmart products Handels GmbH Pfäffikon SZ</Nm></Ownr></Acct><Bal><Tp><CdOrPrtry><Cd>OPBD</Cd></CdOrPrtry></Tp><Amt Ccy="CHF">77683.53</Amt><CdtDbtInd>CRDT</CdtDbtInd><Dt><Dt>2022-09-08</Dt></Dt></Bal><Bal><Tp><CdOrPrtry><Cd>CLBD</Cd></CdOrPrtry></Tp><Amt Ccy="CHF">86891.72</Amt><CdtDbtInd>CRDT</CdtDbtInd><Dt><Dt>2022-09-08</Dt></Dt></Bal><Bal><Tp><CdOrPrtry><Cd>CLAV</Cd></CdOrPrtry></Tp><Amt Ccy="CHF">86891.72</Amt><CdtDbtInd>CRDT</CdtDbtInd><Dt><Dt>2022-09-08</Dt></Dt></Bal><Ntry><NtryRef>CH9209000000414939852</NtryRef><Amt Ccy="CHF">1008.00</Amt><CdtDbtInd>CRDT</CdtDbtInd><RvslInd>false</RvslInd><Sts>BOOK</Sts><BookgDt><Dt>2022-09-08</Dt></BookgDt><ValDt><Dt>2022-09-08</Dt></ValDt><AcctSvcrRef>2512201096KCIX6K</AcctSvcrRef><BkTxCd><Domn><Cd>PMNT</Cd><Fmly><Cd>RCDT</Cd><SubFmlyCd>ATXN</SubFmlyCd></Fmly></Domn></BkTxCd><NtryDtls><Btch><NbOfTxs>1</NbOfTxs></Btch><TxDtls><Refs><AcctSvcrRef>220908CH096KCIX6</AcctSvcrRef><InstrId>DNVU220906C80368</InstrId><EndToEndId>SP-16215144-0</EndToEndId><Prtry><Tp>00</Tp><Ref>220908CH096KCIX6</Ref></Prtry></Refs><Amt Ccy="CHF">1008.00</Amt><CdtDbtInd>CRDT</CdtDbtInd><BkTxCd><Domn><Cd>PMNT</Cd><Fmly><Cd>RCDT</Cd><SubFmlyCd>ATXN</SubFmlyCd></Fmly></Domn></BkTxCd><RltdPties><Dbtr><Nm>AssyS GmbH</Nm><PstlAdr><StrtNm>Pumpwerkstrasse</StrtNm><BldgNb>23</BldgNb><PstCd>8105</PstCd><TwnNm>Regensdorf</TwnNm><Ctry>CH</Ctry></PstlAdr></Dbtr><DbtrAcct><Id><IBAN>CH6404835037466921001</IBAN></Id></DbtrAcct><CdtrAcct><Id><IBAN>CH9209000000414939852</IBAN></Id></CdtrAcct></RltdPties><RltdAgts><DbtrAgt><FinInstnId><ClrSysMmbId><MmbId>4835</MmbId></ClrSysMmbId><Nm>Credit Suisse (Schweiz) AG</Nm><PstlAdr><AdrLine>Paradeplatz 8</AdrLine><AdrLine>8070 Zürich</AdrLine></PstlAdr></FinInstnId></DbtrAgt></RltdAgts><RmtInf><Ustrd>Rechnung Nr. RE-92414</Ustrd><Strd><AddtlRmtInf>?REJECT?0</AddtlRmtInf><AddtlRmtInf>?ERROR?000</AddtlRmtInf></Strd></RmtInf><RltdDts><AccptncDtTm>2022-09-08T20:00:00</AccptncDtTm></RltdDts></TxDtls></NtryDtls><AddtlNtryInf>GUTSCHRIFT AUFTRAGGEBER: ASSYS GMBH PUMPWERKSTRASSE 23 8105 REGENSDORF MITTEILUNGEN: RECHNUNG NR. RE-92414 SPESENBETRAG 0.00 CHF SHA REFERENZEN: SP-16215144-0 DNVU220906C80368 220908CH096KCIX6</AddtlNtryInf></Ntry><Ntry><NtryRef>CH9209000000414939852</NtryRef><Amt Ccy="CHF">1318.62</Amt><CdtDbtInd>CRDT</CdtDbtInd><RvslInd>false</RvslInd><Sts>BOOK</Sts><BookgDt><Dt>2022-09-08</Dt></BookgDt><ValDt><Dt>2022-09-08</Dt></ValDt><AcctSvcrRef>2512200096EJ243K</AcctSvcrRef><BkTxCd><Domn><Cd>PMNT</Cd><Fmly><Cd>RCDT</Cd><SubFmlyCd>AUTT</SubFmlyCd></Fmly></Domn></BkTxCd><NtryDtls><Btch><NbOfTxs>1</NbOfTxs></Btch><TxDtls><Refs><MsgId>TWINT20220906-101-Merchant</MsgId><AcctSvcrRef>220907CH096EJ243</AcctSvcrRef><PmtInfId>TWINT20220906-101-Merchant-B1</PmtInfId><InstrId>0dc508525a1147058ef44731d1ea24b5</InstrId><EndToEndId>TWINT20220906-101-Merchant-B1</EndToEndId><Prtry><Tp>00</Tp><Ref>220907CH096EJ243</Ref></Prtry></Refs><Amt Ccy="CHF">1318.62</Amt><CdtDbtInd>CRDT</CdtDbtInd><BkTxCd><Domn><Cd>PMNT</Cd><Fmly><Cd>RCDT</Cd><SubFmlyCd>AUTT</SubFmlyCd></Fmly></Domn></BkTxCd><RltdPties><Dbtr><Nm>TWINT Acquiring AG</Nm><PstlAdr><StrtNm>Stauffacherstrasse</StrtNm><BldgNb>41</BldgNb><PstCd>8004</PstCd><TwnNm>Zürich</TwnNm><Ctry>CH</Ctry></PstlAdr></Dbtr><DbtrAcct><Id><IBAN>CH6609000000313087410</IBAN></Id></DbtrAcct><CdtrAcct><Id><IBAN>CH9209000000414939852</IBAN></Id></CdtrAcct></RltdPties><RltdAgts><DbtrAgt><FinInstnId><BICFI>POFICHBEXXX</BICFI><Nm>POSTFINANCE AG</Nm><PstlAdr><AdrLine>MINGERSTRASSE , 20</AdrLine><AdrLine>3030 BERN</AdrLine></PstlAdr></FinInstnId></DbtrAgt></RltdAgts><RmtInf><Ustrd>999999 TWINT TWINT Auszahlungen Pay</Ustrd><Ustrd>out 20220907                       </Ustrd><Ustrd>   Gross: 1336.00 Fees: -17.38</Ustrd><Strd><AddtlRmtInf>?REJECT?0</AddtlRmtInf><AddtlRmtInf>?ERROR?000</AddtlRmtInf></Strd></RmtInf><RltdDts><AccptncDtTm>2022-09-08T20:00:00</AccptncDtTm></RltdDts></TxDtls></NtryDtls><AddtlNtryInf>GUTSCHRIFT CH6609000000313087410 ABSENDER: TWINT ACQUIRING AG STAUFFACHERSTRASSE 41 8004 ZÜRICH MITTEILUNGEN: 999999 TWINT TWINT AUSZAHLUNGEN PAY OUT 20220907                           GROSS: 1336.00 FEES: -17.38 REFERENZEN: TWINT20220906-101-MERCHANT-B1</AddtlNtryInf></Ntry><Ntry><Amt Ccy="CHF">318.58</Amt><CdtDbtInd>DBIT</CdtDbtInd><RvslInd>false</RvslInd><Sts>BOOK</Sts><BookgDt><Dt>2022-09-08</Dt></BookgDt><ValDt><Dt>2022-09-08</Dt></ValDt><AcctSvcrRef>2512200096CODIGK</AcctSvcrRef><BkTxCd><Domn><Cd>PMNT</Cd><Fmly><Cd>ICDT</Cd><SubFmlyCd>ESCT</SubFmlyCd></Fmly></Domn></BkTxCd><NtryDtls><TxDtls><Refs><AcctSvcrRef>25-655830802-1</AcctSvcrRef><PmtInfId>25:655830802</PmtInfId><InstrId>20220907000800153738798</InstrId></Refs><Amt Ccy="CHF">318.58</Amt><CdtDbtInd>DBIT</CdtDbtInd><AmtDtls><InstdAmt><Amt Ccy="EUR">322.32</Amt><CcyXchg><SrcCcy>EUR</SrcCcy><XchgRate>0.9884</XchgRate></CcyXchg></InstdAmt></AmtDtls><BkTxCd><Domn><Cd>PMNT</Cd><Fmly><Cd>ICDT</Cd><SubFmlyCd>ESCT</SubFmlyCd></Fmly></Domn></BkTxCd><RltdPties><Cdtr><Nm>FRESCO INTERNATIONAL 2005, S.A.</Nm><PstlAdr><Ctry>ES</Ctry><AdrLine>Sicília, 143 08013 Barcelona</AdrLine></PstlAdr></Cdtr><CdtrAcct><Id><IBAN>ES2700810137260001233227</IBAN></Id></CdtrAcct></RltdPties><RltdAgts><CdtrAgt><FinInstnId><BICFI>BSABESBBXXX</BICFI><Nm>BANCO DE SABADELL, S.A.</Nm><PstlAdr><Ctry>ES</Ctry><AdrLine>C/SENA , 12 08174 SANT CUGAT DEL VALLES</AdrLine></PstlAdr></FinInstnId></CdtrAgt></RltdAgts><RmtInf><Ustrd>Invoice 08378</Ustrd><Strd><AddtlRmtInf>Fresco 08378 2022 Achilles</AddtlRmtInf></Strd></RmtInf></TxDtls></NtryDtls><AddtlNtryInf>GIRO INTERNATIONAL (SEPA) EUR 322.32 ZUM KURS VON 0.9884 BANCO DE SABADELL, S.A. C/SENA , 12 08174 SANT CUGAT DEL VALLES ES2700810137260001233227 FRESCO INTERNATIONAL 2005, S.A. SICÍLIA, 143 08013 BARCELONA SENDER REFERENZ: FRESCO 08378 2022 ACHILLES 20220907000800153738798</AddtlNtryInf></Ntry><Ntry><NtryRef>CH9209000000414939852</NtryRef><Amt Ccy="CHF">2334.15</Amt><CdtDbtInd>CRDT</CdtDbtInd><RvslInd>false</RvslInd><Sts>BOOK</Sts><BookgDt><Dt>2022-09-08</Dt></BookgDt><ValDt><Dt>2022-09-08</Dt></ValDt><AcctSvcrRef>2512201096LYNSSK</AcctSvcrRef><BkTxCd><Domn><Cd>PMNT</Cd><Fmly><Cd>RCDT</Cd><SubFmlyCd>ATXN</SubFmlyCd></Fmly></Domn></BkTxCd><NtryDtls><Btch><NbOfTxs>1</NbOfTxs></Btch><TxDtls><Refs><AcctSvcrRef>220908CH096LYNSS</AcctSvcrRef><InstrId>LON03247156204</InstrId><EndToEndId>NOTPROVIDED</EndToEndId><Prtry><Tp>00</Tp><Ref>220908CH096LYNSS</Ref></Prtry></Refs><Amt Ccy="CHF">2334.15</Amt><CdtDbtInd>CRDT</CdtDbtInd><BkTxCd><Domn><Cd>PMNT</Cd><Fmly><Cd>RCDT</Cd><SubFmlyCd>ATXN</SubFmlyCd></Fmly></Domn></BkTxCd><RltdPties><Dbtr><Nm>STRIPE PAYMENTS UK LTD</Nm><PstlAdr><AdrLine>9TH FLOOR, 107 CHEAPSIDE GB - LONDO</AdrLine><AdrLine>N EC2V 6DN</AdrLine></PstlAdr></Dbtr><DbtrAcct><Id><IBAN>DK6289000000010375</IBAN></Id></DbtrAcct><CdtrAcct><Id><IBAN>CH9209000000414939852</IBAN></Id></CdtrAcct></RltdPties><RltdAgts><DbtrAgt><FinInstnId><BICFI>CITIGB2LXXX</BICFI><Nm>CITIBANK N.A.</Nm><PstlAdr><AdrLine>CITIBANK CENTRE25 CANADA SQUARE</AdrLine><AdrLine>E14 5LB LONDON</AdrLine></PstlAdr></FinInstnId></DbtrAgt></RltdAgts><RmtInf><Ustrd>STRIPE Y0S8D1</Ustrd><Strd><AddtlRmtInf>?REJECT?0</AddtlRmtInf><AddtlRmtInf>?ERROR?000</AddtlRmtInf></Strd></RmtInf><RltdDts><AccptncDtTm>2022-09-08T20:00:00</AccptncDtTm></RltdDts></TxDtls></NtryDtls><AddtlNtryInf>GUTSCHRIFT AUFTRAGGEBER: STRIPE PAYMENTS UK LTD 9TH FLOOR, 107 CHEAPSIDE GB - LONDO N EC2V 6DN MITTEILUNGEN: STRIPE Y0S8D1 SPESENBETRAG 0.00 CHF SHA REFERENZEN: NOTPROVIDED LON03247156204 220908CH096LYNSS</AddtlNtryInf></Ntry><Ntry><NtryRef>CH9209000000414939852</NtryRef><Amt Ccy="CHF">26.30</Amt><CdtDbtInd>CRDT</CdtDbtInd><RvslInd>false</RvslInd><Sts>BOOK</Sts><BookgDt><Dt>2022-09-08</Dt></BookgDt><ValDt><Dt>2022-09-08</Dt></ValDt><AcctSvcrRef>2512201096OPU0SK</AcctSvcrRef><BkTxCd><Domn><Cd>PMNT</Cd><Fmly><Cd>RCDT</Cd><SubFmlyCd>ATXN</SubFmlyCd></Fmly></Domn></BkTxCd><NtryDtls><Btch><NbOfTxs>1</NbOfTxs></Btch><TxDtls><Refs><AcctSvcrRef>220908CH096OPU0S</AcctSvcrRef><InstrId>20908107794.0002</InstrId><EndToEndId>NOTPROVIDED</EndToEndId><Prtry><Tp>00</Tp><Ref>220908CH096OPU0S</Ref></Prtry></Refs><Amt Ccy="CHF">26.30</Amt><CdtDbtInd>CRDT</CdtDbtInd><BkTxCd><Domn><Cd>PMNT</Cd><Fmly><Cd>RCDT</Cd><SubFmlyCd>ATXN</SubFmlyCd></Fmly></Domn></BkTxCd><RltdPties><Dbtr><Nm>Maria Zuger-Knobel</Nm><PstlAdr><AdrLine>Benknerstrasse 29</AdrLine><AdrLine>8722 Kaltbrunn</AdrLine></PstlAdr></Dbtr><DbtrAcct><Id><IBAN>CH8600777003772801052</IBAN></Id></DbtrAcct><CdtrAcct><Id><IBAN>CH9209000000414939852</IBAN></Id></CdtrAcct></RltdPties><RltdAgts><DbtrAgt><FinInstnId><ClrSysMmbId><MmbId>777</MmbId></ClrSysMmbId><Nm>Schwyzer Kantonalbank</Nm><PstlAdr><AdrLine>Bahnhofstrasse 3</AdrLine><AdrLine>6431 Schwyz</AdrLine></PstlAdr></FinInstnId></DbtrAgt></RltdAgts><RmtInf><Strd><AddtlRmtInf>?REJECT?0</AddtlRmtInf><AddtlRmtInf>?ERROR?000</AddtlRmtInf></Strd></RmtInf><RltdDts><AccptncDtTm>2022-09-08T20:00:00</AccptncDtTm></RltdDts></TxDtls></NtryDtls><AddtlNtryInf>GUTSCHRIFT AUFTRAGGEBER: MARIA ZUGER-KNOBEL BENKNERSTRASSE 29 8722 KALTBRUNN REFERENZEN: NOTPROVIDED 20908107794.0002 220908CH096OPU0S</AddtlNtryInf></Ntry><Ntry><NtryRef>CH4330000001414939852</NtryRef><Amt Ccy="CHF">4839.70</Amt><CdtDbtInd>CRDT</CdtDbtInd><RvslInd>false</RvslInd><Sts>BOOK</Sts><BookgDt><Dt>2022-09-08</Dt></BookgDt><ValDt><Dt>2022-09-08</Dt></ValDt><AcctSvcrRef>2512200096Q1P7FU</AcctSvcrRef><BkTxCd><Domn><Cd>PMNT</Cd><Fmly><Cd>RCDT</Cd><SubFmlyCd>VCOM</SubFmlyCd></Fmly></Domn></BkTxCd><NtryDtls><TxDtls><Refs><AcctSvcrRef>2512200096Q1P7FU</AcctSvcrRef></Refs><Amt Ccy="CHF">4839.70</Amt><CdtDbtInd>CRDT</CdtDbtInd></TxDtls></NtryDtls><AddtlNtryInf>SAMMELGUTSCHRIFT FÜR KONTO: CH4330000001414939852 VERARBEITUNG VOM 08.09.2022 PAKET ID: 220908CH0000082C</AddtlNtryInf></Ntry></Stmt></BkToCstmrStmt></Document>
