<?xml version="1.0" encoding="UTF-8"?>
<Document xmlns="urn:iso:std:iso:20022:tech:xsd:camt.054.001.04" xmlns:xsi="http://www.w3.org/2001/XMLSchema-instance" xsi:schemaLocation="urn:iso:std:iso:20022:tech:xsd:camt.054.001.04 camt.054.001.04.xsd"><BkToCstmrDbtCdtNtfctn><GrpHdr><MsgId>20220829375204912407438</MsgId><CreDtTm>2022-08-29T23:45:00</CreDtTm><MsgPgntn><PgNb>1</PgNb><LastPgInd>true</LastPgInd></MsgPgntn><AddtlInf>SPS/1.7/PROD</AddtlInf></GrpHdr><Ntfctn><Id>20220829375204912407441</Id><CreDtTm>2022-08-29T23:45:00</CreDtTm><FrToDt><FrDtTm>2022-08-27T00:00:00</FrDtTm><ToDtTm>2022-08-29T23:59:59</ToDtTm></FrToDt><RptgSrc><Prtry>OTHR</Prtry></RptgSrc><Acct><Id><IBAN>CH9209000000414939852</IBAN></Id><Ownr><Nm>eversmart products Handels GmbH Pfäffikon SZ</Nm></Ownr></Acct><Ntry><NtryRef>CH9530000002414939852</NtryRef><Amt Ccy="CHF">229.70</Amt><CdtDbtInd>CRDT</CdtDbtInd><RvslInd>false</RvslInd><Sts>BOOK</Sts><BookgDt><Dt>2022-08-29</Dt></BookgDt><ValDt><Dt>2022-08-29</Dt></ValDt><AcctSvcrRef>2412200094VWUZ7U</AcctSvcrRef><BkTxCd><Domn><Cd>PMNT</Cd><Fmly><Cd>RCDT</Cd><SubFmlyCd>VCOM</SubFmlyCd></Fmly></Domn></BkTxCd><NtryDtls><Btch><NbOfTxs>3</NbOfTxs></Btch><TxDtls><Refs><AcctSvcrRef>220826CH094HJVA9</AcctSvcrRef><InstrId>20220826000800932472612</InstrId><Prtry><Tp>00</Tp><Ref>20220829375204573894777</Ref></Prtry></Refs><Amt Ccy="CHF">99.90</Amt><CdtDbtInd>CRDT</CdtDbtInd><BkTxCd><Domn><Cd>PMNT</Cd><Fmly><Cd>RCDT</Cd><SubFmlyCd>AUTT</SubFmlyCd></Fmly></Domn></BkTxCd><RltdPties><Dbtr><Nm>Frey-Hangartner Nicole</Nm><PstlAdr><StrtNm>Ackerweg</StrtNm><BldgNb>11</BldgNb><PstCd>4313</PstCd><TwnNm>Möhlin</TwnNm><Ctry>CH</Ctry></PstlAdr></Dbtr><DbtrAcct><Id><IBAN>CH9109000000400577662</IBAN></Id></DbtrAcct><UltmtDbtr><Nm>Nicole Hangartner</Nm><PstlAdr><StrtNm>Ackerweg 11 11</StrtNm><PstCd>4313</PstCd><TwnNm>Möhlin</TwnNm><Ctry>CH</Ctry></PstlAdr></UltmtDbtr><CdtrAcct><Id><IBAN>CH9530000002414939852</IBAN></Id></CdtrAcct></RltdPties><RltdAgts><DbtrAgt><FinInstnId><BICFI>POFICHBEXXX</BICFI><Nm>POSTFINANCE AG</Nm><PstlAdr><AdrLine>MINGERSTRASSE , 20</AdrLine><AdrLine>3030 BERN</AdrLine></PstlAdr></FinInstnId></DbtrAgt></RltdAgts><RmtInf><Strd><CdtrRefInf><Tp><CdOrPrtry><Prtry>QRR</Prtry></CdOrPrtry></Tp><Ref>000000000000000000000004775</Ref></CdtrRefInf><AddtlRmtInf>?REJECT?0</AddtlRmtInf><AddtlRmtInf>?ERROR?000</AddtlRmtInf><AddtlRmtInf>6782</AddtlRmtInf></Strd></RmtInf><RltdDts><AccptncDtTm>2022-08-29T20:00:00</AccptncDtTm></RltdDts></TxDtls><TxDtls><Refs><AcctSvcrRef>220829CH094O37YY</AcctSvcrRef><InstrId>16847468312/4XXX</InstrId><EndToEndId>NOTPROVIDED</EndToEndId><Prtry><Tp>00</Tp><Ref>20220829375204573590401</Ref></Prtry></Refs><Amt Ccy="CHF">99.90</Amt><CdtDbtInd>CRDT</CdtDbtInd><BkTxCd><Domn><Cd>PMNT</Cd><Fmly><Cd>RCDT</Cd><SubFmlyCd>ATXN</SubFmlyCd></Fmly></Domn></BkTxCd><RltdPties><Dbtr><Nm>Nico Perrone</Nm><PstlAdr><AdrLine>Birkenmatt 1</AdrLine><AdrLine>6343 Rotkreuz</AdrLine></PstlAdr></Dbtr><DbtrAcct><Id><IBAN>CH8680808007771045692</IBAN></Id></DbtrAcct><CdtrAcct><Id><IBAN>CH9530000002414939852</IBAN></Id></CdtrAcct></RltdPties><RltdAgts><DbtrAgt><FinInstnId><ClrSysMmbId><MmbId>81460</MmbId></ClrSysMmbId><Nm>Raiffeisenbank Risch-Rotkreuz</Nm><PstlAdr><AdrLine>Luzernerstrasse 2</AdrLine><AdrLine>6343 Rotkreuz</AdrLine></PstlAdr></FinInstnId></DbtrAgt></RltdAgts><RmtInf><Strd><CdtrRefInf><Tp><CdOrPrtry><Prtry>QRR</Prtry></CdOrPrtry></Tp><Ref>000000000000000000000004145</Ref></CdtrRefInf><AddtlRmtInf>?REJECT?0</AddtlRmtInf><AddtlRmtInf>?ERROR?000</AddtlRmtInf></Strd></RmtInf><RltdDts><AccptncDtTm>2022-08-29T20:00:00</AccptncDtTm></RltdDts></TxDtls><TxDtls><Refs><AcctSvcrRef>220829CH094OH6OH</AcctSvcrRef><InstrId>885699515/1XXXXX</InstrId><EndToEndId>NOTPROVIDED</EndToEndId><Prtry><Tp>00</Tp><Ref>20220829375204574145184</Ref></Prtry></Refs><Amt Ccy="CHF">29.90</Amt><CdtDbtInd>CRDT</CdtDbtInd><BkTxCd><Domn><Cd>PMNT</Cd><Fmly><Cd>RCDT</Cd><SubFmlyCd>ATXN</SubFmlyCd></Fmly></Domn></BkTxCd><RltdPties><Dbtr><Nm>Leandra Schlaepfer</Nm><PstlAdr><AdrLine>Hugistrasse 1</AdrLine><AdrLine>CH-4657 Dulliken</AdrLine></PstlAdr></Dbtr><DbtrAcct><Id><IBAN>CH1500769016820439570</IBAN></Id></DbtrAcct><UltmtDbtr><Nm>Leandra Schlaepfer</Nm><PstlAdr><AdrLine>Hugi-Strasse 1</AdrLine><AdrLine>4657 Dulliken</AdrLine></PstlAdr></UltmtDbtr><CdtrAcct><Id><IBAN>CH9530000002414939852</IBAN></Id></CdtrAcct></RltdPties><RltdAgts><DbtrAgt><FinInstnId><ClrSysMmbId><MmbId>769</MmbId></ClrSysMmbId><Nm>Basellandschaftliche Kantonalbank</Nm><PstlAdr><AdrLine>4410 Liestal</AdrLine></PstlAdr></FinInstnId></DbtrAgt></RltdAgts><RmtInf><Strd><CdtrRefInf><Tp><CdOrPrtry><Prtry>QRR</Prtry></CdOrPrtry></Tp><Ref>000000000000000000000004352</Ref></CdtrRefInf><AddtlRmtInf>?REJECT?0</AddtlRmtInf><AddtlRmtInf>?ERROR?000</AddtlRmtInf><AddtlRmtInf>6754</AddtlRmtInf></Strd></RmtInf><RltdDts><AccptncDtTm>2022-08-29T20:00:00</AccptncDtTm></RltdDts></TxDtls></NtryDtls><AddtlNtryInf>SAMMELGUTSCHRIFT FÜR KONTO: CH9530000002414939852 VERARBEITUNG VOM 29.08.2022 PAKET ID: 220829CH00000EZY</AddtlNtryInf></Ntry></Ntfctn></BkToCstmrDbtCdtNtfctn></Document>
