<?xml version="1.0" encoding="UTF-8"?>
<Document xmlns="urn:iso:std:iso:20022:tech:xsd:camt.053.001.04" xmlns:xsi="http://www.w3.org/2001/XMLSchema-instance" xsi:schemaLocation="urn:iso:std:iso:20022:tech:xsd:camt.053.001.04 camt.053.001.04.xsd"><BkToCstmrStmt><GrpHdr><MsgId>20220914375204927044199</MsgId><CreDtTm>2022-09-15T01:33:25</CreDtTm><MsgPgntn><PgNb>1</PgNb><LastPgInd>true</LastPgInd></MsgPgntn><AddtlInf>SPS/1.7/PROD</AddtlInf></GrpHdr><Stmt><Id>20220914375204927044209</Id><ElctrncSeqNb>180</ElctrncSeqNb><CreDtTm>2022-09-15T01:33:25</CreDtTm><FrToDt><FrDtTm>2022-09-14T00:00:00</FrDtTm><ToDtTm>2022-09-14T23:59:59</ToDtTm></FrToDt><Acct><Id><IBAN>CH9209000000414939852</IBAN></Id><Ownr><Nm>eversmart products Handels GmbH Pfäffikon SZ</Nm></Ownr></Acct><Bal><Tp><CdOrPrtry><Cd>OPBD</Cd></CdOrPrtry></Tp><Amt Ccy="CHF">120167.20</Amt><CdtDbtInd>CRDT</CdtDbtInd><Dt><Dt>2022-09-14</Dt></Dt></Bal><Bal><Tp><CdOrPrtry><Cd>CLBD</Cd></CdOrPrtry></Tp><Amt Ccy="CHF">116881.26</Amt><CdtDbtInd>CRDT</CdtDbtInd><Dt><Dt>2022-09-14</Dt></Dt></Bal><Bal><Tp><CdOrPrtry><Cd>CLAV</Cd></CdOrPrtry></Tp><Amt Ccy="CHF">116881.26</Amt><CdtDbtInd>CRDT</CdtDbtInd><Dt><Dt>2022-09-14</Dt></Dt></Bal><Ntry><Amt Ccy="CHF">1225.00</Amt><CdtDbtInd>DBIT</CdtDbtInd><RvslInd>false</RvslInd><Sts>BOOK</Sts><BookgDt><Dt>2022-09-14</Dt></BookgDt><ValDt><Dt>2022-09-14</Dt></ValDt><AcctSvcrRef>2572200097827NSK</AcctSvcrRef><BkTxCd><Domn><Cd>PMNT</Cd><Fmly><Cd>ICDT</Cd><SubFmlyCd>XBCT</SubFmlyCd></Fmly></Domn></BkTxCd><NtryDtls><TxDtls><Refs><AcctSvcrRef>25-658383064-1</AcctSvcrRef><PmtInfId>25:658383064</PmtInfId><InstrId>20220913000800246548362</InstrId></Refs><Amt Ccy="CHF">1225.00</Amt><CdtDbtInd>DBIT</CdtDbtInd><BkTxCd><Domn><Cd>PMNT</Cd><Fmly><Cd>ICDT</Cd><SubFmlyCd>XBCT</SubFmlyCd></Fmly></Domn></BkTxCd><RltdPties><Cdtr><Nm>ENSWORK SARLAU</Nm><PstlAdr><Ctry>MA</Ctry><AdrLine>RUETG 2 HAY DOUMA LCSIDI MOUMEN LD20400 CASABLANCA</AdrLine></PstlAdr></Cdtr><CdtrAcct><Id><Othr><Id>MA64 0117 9400 0059 2100 0036 8860</Id></Othr></Id></CdtrAcct></RltdPties><RltdAgts><CdtrAgt><FinInstnId><BICFI>BMCEMAMCXXX</BICFI><Nm>BANK OF AFRICA</Nm><PstlAdr><Ctry>MA</Ctry><AdrLine>AVENUE HASSAN II, 140 20000 CASABLANCA</AdrLine></PstlAdr></FinInstnId></CdtrAgt></RltdAgts><RmtInf><Ustrd>FV22-0076</Ustrd><Strd><AddtlRmtInf>Odoo EnsWork</AddtlRmtInf></Strd></RmtInf></TxDtls></NtryDtls><AddtlNtryInf>GIRO INTERNATIONAL BANK OF AFRICA AVENUE HASSAN II, 140 20000 CASABLANCA MA64 0117 9400 0059 2100 0036 8860 ENSWORK SARLAU RUETG 2 HAY DOUMA LCSIDI MOUMEN LD20400 CASABLANCA SENDER REFERENZ: ODOO ENSWORK 20220913000800246548362</AddtlNtryInf></Ntry><Ntry><NtryRef>CH9209000000414939852</NtryRef><Amt Ccy="CHF">67.80</Amt><CdtDbtInd>CRDT</CdtDbtInd><RvslInd>false</RvslInd><Sts>BOOK</Sts><BookgDt><Dt>2022-09-14</Dt></BookgDt><ValDt><Dt>2022-09-14</Dt></ValDt><AcctSvcrRef>2572201097CV5KIK</AcctSvcrRef><BkTxCd><Domn><Cd>PMNT</Cd><Fmly><Cd>RCDT</Cd><SubFmlyCd>ATXN</SubFmlyCd></Fmly></Domn></BkTxCd><NtryDtls><Btch><NbOfTxs>1</NbOfTxs></Btch><TxDtls><Refs><AcctSvcrRef>220914CH097CV5KI</AcctSvcrRef><InstrId>20913048643.0001</InstrId><EndToEndId>NOTPROVIDED</EndToEndId><Prtry><Tp>00</Tp><Ref>220914CH097CV5KI</Ref></Prtry></Refs><Amt Ccy="CHF">67.80</Amt><CdtDbtInd>CRDT</CdtDbtInd><BkTxCd><Domn><Cd>PMNT</Cd><Fmly><Cd>RCDT</Cd><SubFmlyCd>ATXN</SubFmlyCd></Fmly></Domn></BkTxCd><RltdPties><Dbtr><Nm>Fumasoli Florence D.</Nm><PstlAdr><StrtNm>chemin des Vignes</StrtNm><BldgNb>5</BldgNb><PstCd>1789</PstCd><TwnNm>Lugnorre</TwnNm><Ctry>CH</Ctry></PstlAdr></Dbtr><DbtrAcct><Id><IBAN>CH9706300016979617807</IBAN></Id></DbtrAcct><CdtrAcct><Id><IBAN>CH9209000000414939852</IBAN></Id></CdtrAcct></RltdPties><RltdAgts><DbtrAgt><FinInstnId><ClrSysMmbId><MmbId>6300</MmbId></ClrSysMmbId><Nm>Valiant Bank AG</Nm><PstlAdr><AdrLine>Bundesplatz 4</AdrLine><AdrLine>3001 Bern</AdrLine></PstlAdr></FinInstnId></DbtrAgt></RltdAgts><RmtInf><Strd><AddtlRmtInf>?REJECT?0</AddtlRmtInf><AddtlRmtInf>?ERROR?000</AddtlRmtInf></Strd></RmtInf><RltdDts><AccptncDtTm>2022-09-14T20:00:00</AccptncDtTm></RltdDts></TxDtls></NtryDtls><AddtlNtryInf>GUTSCHRIFT AUFTRAGGEBER: FUMASOLI FLORENCE D. CHEMIN DES VIGNES 5 1789 LUGNORRE REFERENZEN: NOTPROVIDED 20913048643.0001 220914CH097CV5KI</AddtlNtryInf></Ntry><Ntry><NtryRef>CH9209000000414939852</NtryRef><Amt Ccy="CHF">1839.15</Amt><CdtDbtInd>CRDT</CdtDbtInd><RvslInd>false</RvslInd><Sts>BOOK</Sts><BookgDt><Dt>2022-09-14</Dt></BookgDt><ValDt><Dt>2022-09-14</Dt></ValDt><AcctSvcrRef>257220009776681K</AcctSvcrRef><BkTxCd><Domn><Cd>PMNT</Cd><Fmly><Cd>RCDT</Cd><SubFmlyCd>AUTT</SubFmlyCd></Fmly></Domn></BkTxCd><NtryDtls><Btch><NbOfTxs>1</NbOfTxs></Btch><TxDtls><Refs><MsgId>TWINT20220912-101-Merchant</MsgId><AcctSvcrRef>220913CH09776681</AcctSvcrRef><PmtInfId>TWINT20220912-101-Merchant-B1</PmtInfId><InstrId>f157963ca0c84358af71ad1daf85d66f</InstrId><EndToEndId>TWINT20220912-101-Merchant-B1</EndToEndId><Prtry><Tp>00</Tp><Ref>220913CH09776681</Ref></Prtry></Refs><Amt Ccy="CHF">1839.15</Amt><CdtDbtInd>CRDT</CdtDbtInd><BkTxCd><Domn><Cd>PMNT</Cd><Fmly><Cd>RCDT</Cd><SubFmlyCd>AUTT</SubFmlyCd></Fmly></Domn></BkTxCd><RltdPties><Dbtr><Nm>TWINT Acquiring AG</Nm><PstlAdr><StrtNm>Stauffacherstrasse</StrtNm><BldgNb>41</BldgNb><PstCd>8004</PstCd><TwnNm>Zürich</TwnNm><Ctry>CH</Ctry></PstlAdr></Dbtr><DbtrAcct><Id><IBAN>CH6609000000313087410</IBAN></Id></DbtrAcct><CdtrAcct><Id><IBAN>CH9209000000414939852</IBAN></Id></CdtrAcct></RltdPties><RltdAgts><DbtrAgt><FinInstnId><BICFI>POFICHBEXXX</BICFI><Nm>POSTFINANCE AG</Nm><PstlAdr><AdrLine>MINGERSTRASSE , 20</AdrLine><AdrLine>3030 BERN</AdrLine></PstlAdr></FinInstnId></DbtrAgt></RltdAgts><RmtInf><Ustrd>999999 TWINT TWINT Auszahlungen Pay</Ustrd><Ustrd>out 20220913                       </Ustrd><Ustrd>   Gross: 1863.40 Fees: -24.25</Ustrd><Strd><AddtlRmtInf>?REJECT?0</AddtlRmtInf><AddtlRmtInf>?ERROR?000</AddtlRmtInf></Strd></RmtInf><RltdDts><AccptncDtTm>2022-09-14T20:00:00</AccptncDtTm></RltdDts></TxDtls></NtryDtls><AddtlNtryInf>GUTSCHRIFT CH6609000000313087410 ABSENDER: TWINT ACQUIRING AG STAUFFACHERSTRASSE 41 8004 ZÜRICH MITTEILUNGEN: 999999 TWINT TWINT AUSZAHLUNGEN PAY OUT 20220913                           GROSS: 1863.40 FEES: -24.25 REFERENZEN: TWINT20220912-101-MERCHANT-B1</AddtlNtryInf></Ntry><Ntry><Amt Ccy="CHF">9607.69</Amt><CdtDbtInd>DBIT</CdtDbtInd><RvslInd>false</RvslInd><Sts>BOOK</Sts><BookgDt><Dt>2022-09-14</Dt></BookgDt><ValDt><Dt>2022-09-14</Dt></ValDt><AcctSvcrRef>2572200097DRVT4K</AcctSvcrRef><BkTxCd><Domn><Cd>PMNT</Cd><Fmly><Cd>ICDT</Cd><SubFmlyCd>XBCT</SubFmlyCd></Fmly></Domn></BkTxCd><NtryDtls><TxDtls><Refs><AcctSvcrRef>25-658747102-1</AcctSvcrRef><PmtInfId>25:658747102</PmtInfId><InstrId>20220914000800259920191</InstrId></Refs><Amt Ccy="CHF">9607.69</Amt><CdtDbtInd>DBIT</CdtDbtInd><AmtDtls><InstdAmt><Amt Ccy="EUR">9876.33</Amt><CcyXchg><SrcCcy>EUR</SrcCcy><XchgRate>0.9728</XchgRate></CcyXchg></InstdAmt></AmtDtls><BkTxCd><Domn><Cd>PMNT</Cd><Fmly><Cd>ICDT</Cd><SubFmlyCd>XBCT</SubFmlyCd></Fmly></Domn></BkTxCd><RltdPties><Cdtr><Nm>Shengzhou Shenghua Machinery Techno</Nm><PstlAdr><Ctry>LU</Ctry><AdrLine>9, rue du Laboratoire logy Co., Ltd.</AdrLine><AdrLine>L-1911 Luxembourg</AdrLine></PstlAdr></Cdtr><CdtrAcct><Id><IBAN>LU750670005068619486</IBAN></Id></CdtrAcct></RltdPties><RltdAgts><CdtrAgt><FinInstnId><BICFI>CHASLULXXXX</BICFI><Nm>J.P. MORGAN SE - LUXEMBOURG BRANCH</Nm><PstlAdr><Ctry>LU</Ctry><AdrLine>6 ROUTE DE TREVES L-2663 SENNINGERBERG</AdrLine></PstlAdr></FinInstnId></CdtrAgt></RltdAgts><RmtInf><Ustrd>151010122501022575</Ustrd><Strd><AddtlRmtInf>HW Mein-Stehtisch Gestelle</AddtlRmtInf></Strd></RmtInf></TxDtls></NtryDtls><AddtlNtryInf>GIRO INTERNATIONAL URGENT EXPRESS EUR 9'876.33 ZUM KURS VON 0.9728 J.P. MORGAN SE - LUXEMBOURG BRANCH 6 ROUTE DE TREVES L-2663 SENNINGERBERG LU750670005068619486 SHENGZHOU SHENGHUA MACHINERY TECHNO 9, RUE DU LABORATOIRE LOGY CO., LTD. L-1911 LUXEMBOURG SENDER REFERENZ: HW MEIN-STEHTISCH GESTELLE 20220914000800259920191</AddtlNtryInf></Ntry><Ntry><NtryRef>CH4330000001414939852</NtryRef><Amt Ccy="CHF">5579.90</Amt><CdtDbtInd>CRDT</CdtDbtInd><RvslInd>false</RvslInd><Sts>BOOK</Sts><BookgDt><Dt>2022-09-14</Dt></BookgDt><ValDt><Dt>2022-09-14</Dt></ValDt><AcctSvcrRef>2572200097HR9ZPU</AcctSvcrRef><BkTxCd><Domn><Cd>PMNT</Cd><Fmly><Cd>RCDT</Cd><SubFmlyCd>VCOM</SubFmlyCd></Fmly></Domn></BkTxCd><Chrgs><TtlChrgsAndTaxAmt Ccy="CHF">1.60</TtlChrgsAndTaxAmt><Rcrd><Amt Ccy="CHF">1.60</Amt><CdtDbtInd>DBIT</CdtDbtInd><ChrgInclInd>false</ChrgInclInd><Tp><Prtry><Id>2</Id></Prtry></Tp></Rcrd></Chrgs><NtryDtls><TxDtls><Refs><AcctSvcrRef>2572200097HR9ZPU</AcctSvcrRef></Refs><Amt Ccy="CHF">5579.90</Amt><CdtDbtInd>CRDT</CdtDbtInd></TxDtls></NtryDtls><AddtlNtryInf>SAMMELGUTSCHRIFT FÜR KONTO: CH4330000001414939852 VERARBEITUNG VOM 14.09.2022 PAKET ID: 220914CH000006SI</AddtlNtryInf></Ntry><Ntry><Amt Ccy="CHF">59.90</Amt><CdtDbtInd>CRDT</CdtDbtInd><RvslInd>false</RvslInd><Sts>BOOK</Sts><BookgDt><Dt>2022-09-14</Dt></BookgDt><ValDt><Dt>2022-09-14</Dt></ValDt><AcctSvcrRef>2572400222381262</AcctSvcrRef><BkTxCd><Domn><Cd>PMNT</Cd><Fmly><Cd>MCRD</Cd><SubFmlyCd>POSP</SubFmlyCd></Fmly></Domn></BkTxCd><NtryDtls><TxDtls><Refs><AcctSvcrRef>2572400222381262</AcctSvcrRef></Refs><Amt Ccy="CHF">59.90</Amt><CdtDbtInd>CRDT</CdtDbtInd></TxDtls></NtryDtls><AddtlNtryInf>GUTSCHRIFT E-PAYMENT-TRANSAKTIONEN POSTFINANCE CARD EINLIEFERUNG VOM 13.09.2022 EVERSMART PRODUCTS HANDELS GMBH PFAQ08TW0000001 HTTPS://WWW.SANACLIP.CH</AddtlNtryInf></Ntry></Stmt></BkToCstmrStmt></Document>
