<?xml version="1.0" encoding="UTF-8"?>
<Document xmlns="urn:iso:std:iso:20022:tech:xsd:camt.053.001.04" xmlns:xsi="http://www.w3.org/2001/XMLSchema-instance" xsi:schemaLocation="urn:iso:std:iso:20022:tech:xsd:camt.053.001.04 camt.053.001.04.xsd"><BkToCstmrStmt><GrpHdr><MsgId>20220930375204939911913</MsgId><CreDtTm>2022-10-01T03:57:22</CreDtTm><MsgPgntn><PgNb>1</PgNb><LastPgInd>true</LastPgInd></MsgPgntn><AddtlInf>SPS/1.7/PROD</AddtlInf></GrpHdr><Stmt><Id>20221001375204939911954</Id><ElctrncSeqNb>192</ElctrncSeqNb><CreDtTm>2022-10-01T03:57:22</CreDtTm><FrToDt><FrDtTm>2022-09-30T00:00:00</FrDtTm><ToDtTm>2022-09-30T23:59:59</ToDtTm></FrToDt><Acct><Id><IBAN>CH9209000000414939852</IBAN></Id><Ownr><Nm>eversmart products Handels GmbH Pfäffikon SZ</Nm></Ownr></Acct><Bal><Tp><CdOrPrtry><Cd>OPBD</Cd></CdOrPrtry></Tp><Amt Ccy="CHF">45460.65</Amt><CdtDbtInd>CRDT</CdtDbtInd><Dt><Dt>2022-09-30</Dt></Dt></Bal><Bal><Tp><CdOrPrtry><Cd>CLBD</Cd></CdOrPrtry></Tp><Amt Ccy="CHF">52338.40</Amt><CdtDbtInd>CRDT</CdtDbtInd><Dt><Dt>2022-09-30</Dt></Dt></Bal><Bal><Tp><CdOrPrtry><Cd>CLAV</Cd></CdOrPrtry></Tp><Amt Ccy="CHF">52338.40</Amt><CdtDbtInd>CRDT</CdtDbtInd><Dt><Dt>2022-09-30</Dt></Dt></Bal><Ntry><Amt Ccy="CHF">5.00</Amt><CdtDbtInd>DBIT</CdtDbtInd><RvslInd>false</RvslInd><Sts>BOOK</Sts><BookgDt><Dt>2022-09-30</Dt></BookgDt><ValDt><Dt>2022-09-30</Dt></ValDt><AcctSvcrRef>2732100178609398</AcctSvcrRef><BkTxCd><Domn><Cd>ACMT</Cd><Fmly><Cd>ADOP</Cd><SubFmlyCd>CHRG</SubFmlyCd></Fmly></Domn></BkTxCd><NtryDtls><TxDtls><Refs><AcctSvcrRef>2732100178609398</AcctSvcrRef></Refs><Amt Ccy="CHF">5.00</Amt><CdtDbtInd>DBIT</CdtDbtInd></TxDtls></NtryDtls><AddtlNtryInf>PREIS FÜR DIE KONTOFÜHRUNG</AddtlNtryInf></Ntry><Ntry><Amt Ccy="CHF">36.00</Amt><CdtDbtInd>DBIT</CdtDbtInd><RvslInd>false</RvslInd><Sts>BOOK</Sts><BookgDt><Dt>2022-09-30</Dt></BookgDt><ValDt><Dt>2022-09-30</Dt></ValDt><AcctSvcrRef>2732100180132871</AcctSvcrRef><BkTxCd><Domn><Cd>PMNT</Cd><Fmly><Cd>MDOP</Cd><SubFmlyCd>CHRG</SubFmlyCd></Fmly></Domn></BkTxCd><NtryDtls><TxDtls><Refs><AcctSvcrRef>2732100180132871</AcctSvcrRef></Refs><Amt Ccy="CHF">36.00</Amt><CdtDbtInd>DBIT</CdtDbtInd></TxDtls></NtryDtls><AddtlNtryInf>PREIS FÜR GIRO INTERNATIONAL URGENT ANZAHL TRANSAKTIONEN: 3 URSPRUNGS-KONTONUMMER: CH9209000000414939852</AddtlNtryInf></Ntry><Ntry><Amt Ccy="CHF">10.00</Amt><CdtDbtInd>DBIT</CdtDbtInd><RvslInd>false</RvslInd><Sts>BOOK</Sts><BookgDt><Dt>2022-09-30</Dt></BookgDt><ValDt><Dt>2022-09-30</Dt></ValDt><AcctSvcrRef>2732100180151361</AcctSvcrRef><BkTxCd><Domn><Cd>PMNT</Cd><Fmly><Cd>MDOP</Cd><SubFmlyCd>CHRG</SubFmlyCd></Fmly></Domn></BkTxCd><NtryDtls><TxDtls><Refs><AcctSvcrRef>2732100180151361</AcctSvcrRef></Refs><Amt Ccy="CHF">10.00</Amt><CdtDbtInd>DBIT</CdtDbtInd></TxDtls></NtryDtls><AddtlNtryInf>PREIS FÜR GIRO INTERNATIONAL ANZAHL TRANSAKTIONEN: 5 URSPRUNGS-KONTONUMMER: CH9209000000414939852</AddtlNtryInf></Ntry><Ntry><Amt Ccy="CHF">3.10</Amt><CdtDbtInd>DBIT</CdtDbtInd><RvslInd>false</RvslInd><Sts>BOOK</Sts><BookgDt><Dt>2022-09-30</Dt></BookgDt><ValDt><Dt>2022-09-30</Dt></ValDt><AcctSvcrRef>2732100180297451</AcctSvcrRef><BkTxCd><Domn><Cd>PMNT</Cd><Fmly><Cd>RCDT</Cd><SubFmlyCd>CHRG</SubFmlyCd></Fmly></Domn></BkTxCd><NtryDtls><TxDtls><Refs><AcctSvcrRef>2732100180297451</AcctSvcrRef></Refs><Amt Ccy="CHF">3.10</Amt><CdtDbtInd>DBIT</CdtDbtInd></TxDtls></NtryDtls><AddtlNtryInf>PREIS FÜR EINZAHLUNGEN AM SCHALTER ES URSPRUNGS-KONTONUMMER: CH9209000000414939852</AddtlNtryInf></Ntry><Ntry><Amt Ccy="CHF">0.80</Amt><CdtDbtInd>DBIT</CdtDbtInd><RvslInd>false</RvslInd><Sts>BOOK</Sts><BookgDt><Dt>2022-09-30</Dt></BookgDt><ValDt><Dt>2022-09-30</Dt></ValDt><AcctSvcrRef>2732100180297515</AcctSvcrRef><BkTxCd><Domn><Cd>PMNT</Cd><Fmly><Cd>MDOP</Cd><SubFmlyCd>CHRG</SubFmlyCd></Fmly></Domn></BkTxCd><NtryDtls><TxDtls><Refs><AcctSvcrRef>2732100180297515</AcctSvcrRef></Refs><Amt Ccy="CHF">0.80</Amt><CdtDbtInd>DBIT</CdtDbtInd></TxDtls></NtryDtls><AddtlNtryInf>PREIS FÜR VOLLERFASSUNG QR-RECHNUNG KONTO: CH4330000001414939852</AddtlNtryInf></Ntry><Ntry><Amt Ccy="CHF">72.15</Amt><CdtDbtInd>DBIT</CdtDbtInd><RvslInd>false</RvslInd><Sts>BOOK</Sts><BookgDt><Dt>2022-09-30</Dt></BookgDt><ValDt><Dt>2022-09-30</Dt></ValDt><AcctSvcrRef>2732100180297611</AcctSvcrRef><BkTxCd><Domn><Cd>PMNT</Cd><Fmly><Cd>MDOP</Cd><SubFmlyCd>CHRG</SubFmlyCd></Fmly></Domn></BkTxCd><NtryDtls><TxDtls><Refs><AcctSvcrRef>2732100180297611</AcctSvcrRef></Refs><Amt Ccy="CHF">72.15</Amt><CdtDbtInd>DBIT</CdtDbtInd></TxDtls></NtryDtls><AddtlNtryInf>PREIS FÜR EINZAHLUNGEN AM SCHALTER QR-RECHNUNG KONTO: CH4330000001414939852</AddtlNtryInf></Ntry><Ntry><Amt Ccy="CHF">4.40</Amt><CdtDbtInd>DBIT</CdtDbtInd><RvslInd>false</RvslInd><Sts>BOOK</Sts><BookgDt><Dt>2022-09-30</Dt></BookgDt><ValDt><Dt>2022-09-30</Dt></ValDt><AcctSvcrRef>2732100180297686</AcctSvcrRef><BkTxCd><Domn><Cd>PMNT</Cd><Fmly><Cd>MDOP</Cd><SubFmlyCd>CHRG</SubFmlyCd></Fmly></Domn></BkTxCd><NtryDtls><TxDtls><Refs><AcctSvcrRef>2732100180297686</AcctSvcrRef></Refs><Amt Ccy="CHF">4.40</Amt><CdtDbtInd>DBIT</CdtDbtInd></TxDtls></NtryDtls><AddtlNtryInf>PREIS FÜR EINZAHLUNGEN AM SCHALTER QR-RECHNUNG KONTO: CH9530000002414939852</AddtlNtryInf></Ntry><Ntry><Amt Ccy="CHF">0.04</Amt><CdtDbtInd>DBIT</CdtDbtInd><RvslInd>false</RvslInd><Sts>BOOK</Sts><BookgDt><Dt>2022-09-30</Dt></BookgDt><ValDt><Dt>2022-09-30</Dt></ValDt><AcctSvcrRef>2732100180297761</AcctSvcrRef><BkTxCd><Domn><Cd>PMNT</Cd><Fmly><Cd>MDOP</Cd><SubFmlyCd>CHRG</SubFmlyCd></Fmly></Domn></BkTxCd><NtryDtls><TxDtls><Refs><AcctSvcrRef>2732100180297761</AcctSvcrRef></Refs><Amt Ccy="CHF">0.04</Amt><CdtDbtInd>DBIT</CdtDbtInd></TxDtls></NtryDtls><AddtlNtryInf>PREIS FÜR BETRAGSERFASSUNG QR-RECHNUNG KONTO: CH4330000001414939852</AddtlNtryInf></Ntry><Ntry><Amt Ccy="CHF">2692.50</Amt><CdtDbtInd>DBIT</CdtDbtInd><RvslInd>false</RvslInd><Sts>BOOK</Sts><BookgDt><Dt>2022-09-30</Dt></BookgDt><ValDt><Dt>2022-09-30</Dt></ValDt><AcctSvcrRef>2732200096BUFJYK</AcctSvcrRef><BkTxCd><Domn><Cd>PMNT</Cd><Fmly><Cd>ICDT</Cd><SubFmlyCd>DMCT</SubFmlyCd></Fmly></Domn></BkTxCd><NtryDtls><TxDtls><Refs><AcctSvcrRef>25-655766410-1</AcctSvcrRef><PmtInfId>25:655766410</PmtInfId><InstrId>20220907000800151612429</InstrId></Refs><Amt Ccy="CHF">2692.50</Amt><CdtDbtInd>DBIT</CdtDbtInd><BkTxCd><Domn><Cd>PMNT</Cd><Fmly><Cd>ICDT</Cd><SubFmlyCd>DMCT</SubFmlyCd></Fmly></Domn></BkTxCd><RltdPties><Cdtr><Nm>Trevag Treuhand- und Verwaltungs-AG Bülach</Nm><PstlAdr><Ctry>CH</Ctry></PstlAdr></Cdtr><CdtrAcct><Id><IBAN>CH3030700112400693625</IBAN></Id></CdtrAcct></RltdPties><RltdAgts><CdtrAgt><FinInstnId><BICFI>ZKBKCHZZ80A</BICFI><Nm>Zürcher Kantonalbank</Nm><PstlAdr><Ctry>CH</Ctry><AdrLine>8010 Zürich</AdrLine></PstlAdr></FinInstnId></CdtrAgt></RltdAgts><RmtInf><Strd><CdtrRefInf><Tp><CdOrPrtry><Prtry>QRR</Prtry></CdOrPrtry></Tp><Ref>943044000000000000002441614</Ref></CdtrRefInf><AddtlRmtInf>Buchhaltung Akonto 2022</AddtlRmtInf></Strd></RmtInf></TxDtls></NtryDtls><AddtlNtryInf>LASTSCHRIFT ZÜRCHER KANTONALBANK 8010 ZÜRICH CH3030700112400693625 TREVAG TREUHAND- UND VERWALTUNGS-AG  BÜLACH SENDER REFERENZ: BUCHHALTUNG AKONTO 2022 20220907000800151612429</AddtlNtryInf></Ntry><Ntry><Amt Ccy="CHF">1938.60</Amt><CdtDbtInd>DBIT</CdtDbtInd><RvslInd>false</RvslInd><Sts>BOOK</Sts><BookgDt><Dt>2022-09-30</Dt></BookgDt><ValDt><Dt>2022-09-30</Dt></ValDt><AcctSvcrRef>2732200096G4XMSK</AcctSvcrRef><BkTxCd><Domn><Cd>PMNT</Cd><Fmly><Cd>ICDT</Cd><SubFmlyCd>DMCT</SubFmlyCd></Fmly></Domn></BkTxCd><NtryDtls><TxDtls><Refs><AcctSvcrRef>25-655767473-1</AcctSvcrRef><PmtInfId>25:655767473</PmtInfId><InstrId>20220907000800151643580</InstrId></Refs><Amt Ccy="CHF">1938.60</Amt><CdtDbtInd>DBIT</CdtDbtInd><BkTxCd><Domn><Cd>PMNT</Cd><Fmly><Cd>ICDT</Cd><SubFmlyCd>DMCT</SubFmlyCd></Fmly></Domn></BkTxCd><RltdPties><Cdtr><Nm>Trevag Treuhand- und Verwaltungs-AG Bülach</Nm><PstlAdr><Ctry>CH</Ctry></PstlAdr></Cdtr><CdtrAcct><Id><IBAN>CH3030700112400693625</IBAN></Id></CdtrAcct></RltdPties><RltdAgts><CdtrAgt><FinInstnId><BICFI>ZKBKCHZZ80A</BICFI><Nm>Zürcher Kantonalbank</Nm><PstlAdr><Ctry>CH</Ctry><AdrLine>8010 Zürich</AdrLine></PstlAdr></FinInstnId></CdtrAgt></RltdAgts><RmtInf><Strd><CdtrRefInf><Tp><CdOrPrtry><Prtry>QRR</Prtry></CdOrPrtry></Tp><Ref>943044000000000000002441717</Ref></CdtrRefInf><AddtlRmtInf>Buchhaltung Akonto 2021</AddtlRmtInf></Strd></RmtInf></TxDtls></NtryDtls><AddtlNtryInf>LASTSCHRIFT ZÜRCHER KANTONALBANK 8010 ZÜRICH CH3030700112400693625 TREVAG TREUHAND- UND VERWALTUNGS-AG  BÜLACH SENDER REFERENZ: BUCHHALTUNG AKONTO 2021 20220907000800151643580</AddtlNtryInf></Ntry><Ntry><Amt Ccy="CHF">322.95</Amt><CdtDbtInd>DBIT</CdtDbtInd><RvslInd>false</RvslInd><Sts>BOOK</Sts><BookgDt><Dt>2022-09-30</Dt></BookgDt><ValDt><Dt>2022-09-30</Dt></ValDt><AcctSvcrRef>2732200096RXWFLK</AcctSvcrRef><BkTxCd><Domn><Cd>PMNT</Cd><Fmly><Cd>ICDT</Cd><SubFmlyCd>DMCT</SubFmlyCd></Fmly></Domn></BkTxCd><NtryDtls><TxDtls><Refs><AcctSvcrRef>25-656798925-1</AcctSvcrRef><PmtInfId>25:656798925</PmtInfId><InstrId>20220909000800186861348</InstrId></Refs><Amt Ccy="CHF">322.95</Amt><CdtDbtInd>DBIT</CdtDbtInd><BkTxCd><Domn><Cd>PMNT</Cd><Fmly><Cd>ICDT</Cd><SubFmlyCd>DMCT</SubFmlyCd></Fmly></Domn></BkTxCd><RltdPties><Cdtr><Nm>LANDI Weinland Genossenschaft</Nm><PstlAdr><Ctry>CH</Ctry></PstlAdr></Cdtr><CdtrAcct><Id><IBAN>CH7430700112200423044</IBAN></Id></CdtrAcct></RltdPties><RltdAgts><CdtrAgt><FinInstnId><BICFI>ZKBKCHZZ80A</BICFI><Nm>Zürcher Kantonalbank</Nm><PstlAdr><Ctry>CH</Ctry><AdrLine>8010 Zürich</AdrLine></PstlAdr></FinInstnId></CdtrAgt></RltdAgts><RmtInf><Strd><CdtrRefInf><Tp><CdOrPrtry><Prtry>QRR</Prtry></CdOrPrtry></Tp><Ref>963356000001064480101967784</Ref></CdtrRefInf><AddtlRmtInf>Landi 08-2022</AddtlRmtInf></Strd></RmtInf></TxDtls></NtryDtls><AddtlNtryInf>LASTSCHRIFT ZÜRCHER KANTONALBANK 8010 ZÜRICH CH7430700112200423044 LANDI WEINLAND GENOSSENSCHAFT SENDER REFERENZ: LANDI 08-2022 20220909000800186861348</AddtlNtryInf></Ntry><Ntry><NtryRef>CH9209000000414939852</NtryRef><Amt Ccy="CHF">9497.20</Amt><CdtDbtInd>CRDT</CdtDbtInd><RvslInd>false</RvslInd><Sts>BOOK</Sts><BookgDt><Dt>2022-09-30</Dt></BookgDt><ValDt><Dt>2022-09-30</Dt></ValDt><AcctSvcrRef>2732201099YPK96K</AcctSvcrRef><BkTxCd><Domn><Cd>PMNT</Cd><Fmly><Cd>RCDT</Cd><SubFmlyCd>ATXN</SubFmlyCd></Fmly></Domn></BkTxCd><NtryDtls><Btch><NbOfTxs>1</NbOfTxs></Btch><TxDtls><Refs><AcctSvcrRef>220930CH099YPK96</AcctSvcrRef><InstrId>ICWS220929C67089</InstrId><EndToEndId>2000010851</EndToEndId><Prtry><Tp>00</Tp><Ref>220930CH099YPK96</Ref></Prtry></Refs><Amt Ccy="CHF">9497.20</Amt><CdtDbtInd>CRDT</CdtDbtInd><BkTxCd><Domn><Cd>PMNT</Cd><Fmly><Cd>RCDT</Cd><SubFmlyCd>ATXN</SubFmlyCd></Fmly></Domn></BkTxCd><RltdPties><Dbtr><Nm>Weltbild Verlag GmbH</Nm><PstlAdr><StrtNm>Dorfstrasse</StrtNm><BldgNb>11</BldgNb><PstCd>4612</PstCd><TwnNm>Wangen b. Olten</TwnNm><Ctry>CH</Ctry></PstlAdr></Dbtr><DbtrAcct><Id><IBAN>CH6904835023084201000</IBAN></Id></DbtrAcct><CdtrAcct><Id><IBAN>CH9209000000414939852</IBAN></Id></CdtrAcct></RltdPties><RltdAgts><DbtrAgt><FinInstnId><ClrSysMmbId><MmbId>4835</MmbId></ClrSysMmbId><Nm>Credit Suisse (Schweiz) AG</Nm><PstlAdr><AdrLine>Paradeplatz 8</AdrLine><AdrLine>8070 Zürich</AdrLine></PstlAdr></FinInstnId></DbtrAgt></RltdAgts><RmtInf><Ustrd>RE. RE-88444 14.6.2022/</Ustrd><Strd><AddtlRmtInf>?REJECT?0</AddtlRmtInf><AddtlRmtInf>?ERROR?000</AddtlRmtInf></Strd></RmtInf><RltdDts><AccptncDtTm>2022-09-30T20:00:00</AccptncDtTm></RltdDts></TxDtls></NtryDtls><AddtlNtryInf>GUTSCHRIFT AUFTRAGGEBER: WELTBILD VERLAG GMBH DORFSTRASSE 11 4612 WANGEN B. OLTEN MITTEILUNGEN: RE. RE-88444 14.6.2022/ SPESENBETRAG 0.00 CHF SHA REFERENZEN: 2000010851 ICWS220929C67089 220930CH099YPK96</AddtlNtryInf></Ntry><Ntry><NtryRef>CH9209000000414939852</NtryRef><Amt Ccy="CHF">3782.88</Amt><CdtDbtInd>CRDT</CdtDbtInd><RvslInd>false</RvslInd><Sts>BOOK</Sts><BookgDt><Dt>2022-09-30</Dt></BookgDt><ValDt><Dt>2022-09-30</Dt></ValDt><AcctSvcrRef>2732200099Q0O49K</AcctSvcrRef><BkTxCd><Domn><Cd>PMNT</Cd><Fmly><Cd>RCDT</Cd><SubFmlyCd>AUTT</SubFmlyCd></Fmly></Domn></BkTxCd><NtryDtls><Btch><NbOfTxs>1</NbOfTxs></Btch><TxDtls><Refs><MsgId>TWINT20220928-101-Merchant</MsgId><AcctSvcrRef>220929CH099Q0O49</AcctSvcrRef><PmtInfId>TWINT20220928-101-Merchant-B1</PmtInfId><InstrId>52ab1c7b82ef48469892677e8d30a614</InstrId><EndToEndId>TWINT20220928-101-Merchant-B1</EndToEndId><Prtry><Tp>00</Tp><Ref>220929CH099Q0O49</Ref></Prtry></Refs><Amt Ccy="CHF">3782.88</Amt><CdtDbtInd>CRDT</CdtDbtInd><BkTxCd><Domn><Cd>PMNT</Cd><Fmly><Cd>RCDT</Cd><SubFmlyCd>AUTT</SubFmlyCd></Fmly></Domn></BkTxCd><RltdPties><Dbtr><Nm>TWINT Acquiring AG</Nm><PstlAdr><StrtNm>Stauffacherstrasse</StrtNm><BldgNb>41</BldgNb><PstCd>8004</PstCd><TwnNm>Zürich</TwnNm><Ctry>CH</Ctry></PstlAdr></Dbtr><DbtrAcct><Id><IBAN>CH6609000000313087410</IBAN></Id></DbtrAcct><CdtrAcct><Id><IBAN>CH9209000000414939852</IBAN></Id></CdtrAcct></RltdPties><RltdAgts><DbtrAgt><FinInstnId><BICFI>POFICHBEXXX</BICFI><Nm>POSTFINANCE AG</Nm><PstlAdr><AdrLine>MINGERSTRASSE , 20</AdrLine><AdrLine>3030 BERN</AdrLine></PstlAdr></FinInstnId></DbtrAgt></RltdAgts><RmtInf><Ustrd>999999 TWINT TWINT Auszahlungen Pay</Ustrd><Ustrd>out 20220929                       </Ustrd><Ustrd>   Gross: 3832.72 Fees: -49.84</Ustrd><Strd><AddtlRmtInf>?REJECT?0</AddtlRmtInf><AddtlRmtInf>?ERROR?000</AddtlRmtInf></Strd></RmtInf><RltdDts><AccptncDtTm>2022-09-30T20:00:00</AccptncDtTm></RltdDts></TxDtls></NtryDtls><AddtlNtryInf>GUTSCHRIFT CH6609000000313087410 ABSENDER: TWINT ACQUIRING AG STAUFFACHERSTRASSE 41 8004 ZÜRICH MITTEILUNGEN: 999999 TWINT TWINT AUSZAHLUNGEN PAY OUT 20220929                           GROSS: 3832.72 FEES: -49.84 REFERENZEN: TWINT20220928-101-MERCHANT-B1</AddtlNtryInf></Ntry><Ntry><Amt Ccy="CHF">1191.50</Amt><CdtDbtInd>DBIT</CdtDbtInd><RvslInd>false</RvslInd><Sts>BOOK</Sts><BookgDt><Dt>2022-09-30</Dt></BookgDt><ValDt><Dt>2022-09-30</Dt></ValDt><AcctSvcrRef>2732200099ZXOWBK</AcctSvcrRef><BkTxCd><Domn><Cd>PMNT</Cd><Fmly><Cd>ICDT</Cd><SubFmlyCd>DMCT</SubFmlyCd></Fmly></Domn></BkTxCd><NtryDtls><TxDtls><Refs><MsgId>25:669508984</MsgId><AcctSvcrRef>25-669508984-1</AcctSvcrRef><PmtInfId>SO:13558188</PmtInfId></Refs><Amt Ccy="CHF">1191.50</Amt><CdtDbtInd>DBIT</CdtDbtInd><BkTxCd><Domn><Cd>PMNT</Cd><Fmly><Cd>ICDT</Cd><SubFmlyCd>DMCT</SubFmlyCd></Fmly></Domn></BkTxCd><RltdPties><Cdtr><Nm>BMW Finanzdiestleistungen (Schweiz) AG</Nm><PstlAdr><Ctry>CH</Ctry></PstlAdr></Cdtr><CdtrAcct><Id><IBAN>CH6430211000001080689</IBAN></Id></CdtrAcct></RltdPties><RltdAgts><CdtrAgt><FinInstnId><BICFI>BBRUCHGTXXX</BICFI><Nm>ING Bank N.V., Amsterdam,succursale de Lancy/Genè</Nm><PstlAdr><Ctry>CH</Ctry><AdrLine>Avenue de Morgines 10 1213 Petit-Lancy</AdrLine></PstlAdr></FinInstnId></CdtrAgt></RltdAgts><RmtInf><Strd><CdtrRefInf><Tp><CdOrPrtry><Prtry>QRR</Prtry></CdOrPrtry></Tp><Ref>130780500150040424300000018</Ref></CdtrRefInf><AddtlRmtInf>Taycan Leasing</AddtlRmtInf></Strd></RmtInf></TxDtls></NtryDtls><AddtlNtryInf>LASTSCHRIFT DAUERAUFTRAG: 90-13558188 ING BANK N.V., AMSTERDAM, SUCCURSALE DE LANCY/GENÈ AVENUE DE MORGINES 10 1213 PETIT-LANCY CH6430211000001080689 BMW FINANZDIESTLEISTUNGEN (SCHWEIZ)  AG SENDER REFERENZ: TAYCAN LEASING</AddtlNtryInf></Ntry><Ntry><Amt Ccy="CHF">14898.62</Amt><CdtDbtInd>DBIT</CdtDbtInd><RvslInd>false</RvslInd><Sts>BOOK</Sts><BookgDt><Dt>2022-09-30</Dt></BookgDt><ValDt><Dt>2022-09-30</Dt></ValDt><AcctSvcrRef>27322000980HWONK</AcctSvcrRef><BkTxCd><Domn><Cd>PMNT</Cd><Fmly><Cd>ICDT</Cd><SubFmlyCd>XBCT</SubFmlyCd></Fmly></Domn></BkTxCd><NtryDtls><TxDtls><Refs><AcctSvcrRef>25-661171476-1</AcctSvcrRef><PmtInfId>25:661171476</PmtInfId><InstrId>20220920000800347065774</InstrId></Refs><Amt Ccy="CHF">14898.62</Amt><CdtDbtInd>DBIT</CdtDbtInd><AmtDtls><InstdAmt><Amt Ccy="USD">15075.00</Amt><CcyXchg><SrcCcy>USD</SrcCcy><XchgRate>0.9883</XchgRate></CcyXchg></InstdAmt></AmtDtls><BkTxCd><Domn><Cd>PMNT</Cd><Fmly><Cd>ICDT</Cd><SubFmlyCd>XBCT</SubFmlyCd></Fmly></Domn></BkTxCd><RltdPties><Cdtr><Nm>AIR-SEA TRANSPORT INC.</Nm><PstlAdr><StrtNm>ROOM (3-6) (3-7) Caihong Road 223 (South), Yinzhou District, NINGBO</StrtNm><BldgNb>223</BldgNb><PstCd>315040</PstCd><TwnNm>ZHEJIANG</TwnNm><Ctry>HK</Ctry></PstlAdr></Cdtr><CdtrAcct><Id><Othr><Id>00639191170702</Id></Othr></Id></CdtrAcct></RltdPties><RltdAgts><CdtrAgt><FinInstnId><BICFI>CITIHKHXXXX</BICFI><Nm>CITIBANK N.A.</Nm><PstlAdr><Ctry>HK</Ctry><AdrLine>GARDEN ROAD, 3CHAMPION TOWERFLOOR 5  CENTRAL</AdrLine></PstlAdr></FinInstnId></CdtrAgt></RltdAgts><RmtInf><Ustrd>D05742209041295</Ustrd><Strd><AddtlRmtInf>Stehtisch Zug</AddtlRmtInf></Strd></RmtInf></TxDtls></NtryDtls><AddtlNtryInf>GIRO INTERNATIONAL USD 15'075.00 ZUM KURS VON 0.9883 CITIBANK N.A. GARDEN ROAD, 3CHAMPION TOWERFLOOR 5  CENTRAL 00639191170702 AIR-SEA TRANSPORT INC. ROOM (3-6) (3-7) CAIHONG ROAD 2 223 315040 ZHEJIANG SENDER REFERENZ: STEHTISCH ZUG 20220920000800347065774</AddtlNtryInf></Ntry><Ntry><Amt Ccy="CHF">5729.92</Amt><CdtDbtInd>DBIT</CdtDbtInd><RvslInd>false</RvslInd><Sts>BOOK</Sts><BookgDt><Dt>2022-09-30</Dt></BookgDt><ValDt><Dt>2022-09-30</Dt></ValDt><AcctSvcrRef>2732200099PT1AWK</AcctSvcrRef><BkTxCd><Domn><Cd>PMNT</Cd><Fmly><Cd>ICDT</Cd><SubFmlyCd>ESCT</SubFmlyCd></Fmly></Domn></BkTxCd><NtryDtls><TxDtls><Refs><AcctSvcrRef>25-668719463-1</AcctSvcrRef><PmtInfId>25:668719463</PmtInfId><InstrId>20220929000800533283702</InstrId></Refs><Amt Ccy="CHF">5729.92</Amt><CdtDbtInd>DBIT</CdtDbtInd><AmtDtls><InstdAmt><Amt Ccy="EUR">5904.09</Amt><CcyXchg><SrcCcy>EUR</SrcCcy><XchgRate>0.9705</XchgRate></CcyXchg></InstdAmt></AmtDtls><BkTxCd><Domn><Cd>PMNT</Cd><Fmly><Cd>ICDT</Cd><SubFmlyCd>ESCT</SubFmlyCd></Fmly></Domn></BkTxCd><RltdPties><Cdtr><Nm>Dongguan LED Electronics Co., Ltd.</Nm><PstlAdr><Ctry>LU</Ctry><AdrLine>9, rue du Laboratoire 1911 Luxembourg</AdrLine></PstlAdr></Cdtr><CdtrAcct><Id><IBAN>LU510670005068736900</IBAN></Id></CdtrAcct></RltdPties><RltdAgts><CdtrAgt><FinInstnId><BICFI>CHASLULXXXX</BICFI><Nm>J.P. MORGAN SE - LUXEMBOURG BRANCH</Nm><PstlAdr><Ctry>LU</Ctry><AdrLine>6 ROUTE DE TREVES L-2663 SENNINGERBERG</AdrLine></PstlAdr></FinInstnId></CdtrAgt></RltdAgts><RmtInf><Ustrd>153753299001022575</Ustrd><Strd><AddtlRmtInf>HW Happysmell Alibaba 1/2</AddtlRmtInf></Strd></RmtInf></TxDtls></NtryDtls><AddtlNtryInf>GIRO INTERNATIONAL (SEPA) EUR 5'904.09 ZUM KURS VON 0.9705 J.P. MORGAN SE - LUXEMBOURG BRANCH 6 ROUTE DE TREVES L-2663 SENNINGERBERG LU510670005068736900 DONGGUAN LED ELECTRONICS CO., LTD. 9, RUE DU LABORATOIRE 1911 LUXEMBOURG SENDER REFERENZ: HW HAPPYSMELL ALIBABA 1/2 20220929000800533283702</AddtlNtryInf></Ntry><Ntry><NtryRef>CH9209000000414939852</NtryRef><Amt Ccy="CHF">109.31</Amt><CdtDbtInd>CRDT</CdtDbtInd><RvslInd>false</RvslInd><Sts>BOOK</Sts><BookgDt><Dt>2022-09-30</Dt></BookgDt><ValDt><Dt>2022-09-30</Dt></ValDt><AcctSvcrRef>273220109A23E2SK</AcctSvcrRef><BkTxCd><Domn><Cd>PMNT</Cd><Fmly><Cd>RCDT</Cd><SubFmlyCd>ATXN</SubFmlyCd></Fmly></Domn></BkTxCd><NtryDtls><Btch><NbOfTxs>1</NbOfTxs></Btch><TxDtls><Refs><AcctSvcrRef>220930CH09A23E2S</AcctSvcrRef><InstrId>LON03251729113</InstrId><EndToEndId>NOTPROVIDED</EndToEndId><Prtry><Tp>00</Tp><Ref>220930CH09A23E2S</Ref></Prtry></Refs><Amt Ccy="CHF">109.31</Amt><CdtDbtInd>CRDT</CdtDbtInd><BkTxCd><Domn><Cd>PMNT</Cd><Fmly><Cd>RCDT</Cd><SubFmlyCd>ATXN</SubFmlyCd></Fmly></Domn></BkTxCd><RltdPties><Dbtr><Nm>STRIPE PAYMENTS UK LTD</Nm><PstlAdr><AdrLine>9TH FLOOR, 107 CHEAPSIDE GB - LONDO</AdrLine><AdrLine>N EC2V 6DN</AdrLine></PstlAdr></Dbtr><DbtrAcct><Id><IBAN>DK6289000000010375</IBAN></Id></DbtrAcct><CdtrAcct><Id><IBAN>CH9209000000414939852</IBAN></Id></CdtrAcct></RltdPties><RltdAgts><DbtrAgt><FinInstnId><BICFI>CITIGB2LXXX</BICFI><Nm>CITIBANK N.A.</Nm><PstlAdr><AdrLine>CITIBANK CENTRE25 CANADA SQUARE</AdrLine><AdrLine>E14 5LB LONDON</AdrLine></PstlAdr></FinInstnId></DbtrAgt></RltdAgts><RmtInf><Ustrd>STRIPE F7X6J2</Ustrd><Strd><AddtlRmtInf>?REJECT?0</AddtlRmtInf><AddtlRmtInf>?ERROR?000</AddtlRmtInf></Strd></RmtInf><RltdDts><AccptncDtTm>2022-09-30T20:00:00</AccptncDtTm></RltdDts></TxDtls></NtryDtls><AddtlNtryInf>GUTSCHRIFT AUFTRAGGEBER: STRIPE PAYMENTS UK LTD 9TH FLOOR, 107 CHEAPSIDE GB - LONDO N EC2V 6DN MITTEILUNGEN: STRIPE F7X6J2 SPESENBETRAG 0.00 CHF SHA REFERENZEN: NOTPROVIDED LON03251729113 220930CH09A23E2S</AddtlNtryInf></Ntry><Ntry><NtryRef>CH4330000001414939852</NtryRef><Amt Ccy="CHF">20304.14</Amt><CdtDbtInd>CRDT</CdtDbtInd><RvslInd>false</RvslInd><Sts>BOOK</Sts><BookgDt><Dt>2022-09-30</Dt></BookgDt><ValDt><Dt>2022-09-30</Dt></ValDt><AcctSvcrRef>273220009A6GF4MU</AcctSvcrRef><BkTxCd><Domn><Cd>PMNT</Cd><Fmly><Cd>RCDT</Cd><SubFmlyCd>VCOM</SubFmlyCd></Fmly></Domn></BkTxCd><Chrgs><TtlChrgsAndTaxAmt Ccy="CHF">5.55</TtlChrgsAndTaxAmt><Rcrd><Amt Ccy="CHF">5.55</Amt><CdtDbtInd>DBIT</CdtDbtInd><ChrgInclInd>false</ChrgInclInd><Tp><Prtry><Id>2</Id></Prtry></Tp></Rcrd></Chrgs><NtryDtls><TxDtls><Refs><AcctSvcrRef>273220009A6GF4MU</AcctSvcrRef></Refs><Amt Ccy="CHF">20304.14</Amt><CdtDbtInd>CRDT</CdtDbtInd></TxDtls></NtryDtls><AddtlNtryInf>SAMMELGUTSCHRIFT FÜR KONTO: CH4330000001414939852 VERARBEITUNG VOM 30.09.2022 PAKET ID: 220930CH00000AB1</AddtlNtryInf></Ntry><Ntry><Amt Ccy="CHF">89.80</Amt><CdtDbtInd>CRDT</CdtDbtInd><RvslInd>false</RvslInd><Sts>BOOK</Sts><BookgDt><Dt>2022-09-30</Dt></BookgDt><ValDt><Dt>2022-09-30</Dt></ValDt><AcctSvcrRef>2732400248201568</AcctSvcrRef><BkTxCd><Domn><Cd>PMNT</Cd><Fmly><Cd>MCRD</Cd><SubFmlyCd>POSP</SubFmlyCd></Fmly></Domn></BkTxCd><NtryDtls><TxDtls><Refs><AcctSvcrRef>2732400248201568</AcctSvcrRef></Refs><Amt Ccy="CHF">89.80</Amt><CdtDbtInd>CRDT</CdtDbtInd></TxDtls></NtryDtls><AddtlNtryInf>GUTSCHRIFT E-PAYMENT-TRANSAKTIONEN POSTFINANCE CARD EINLIEFERUNG VOM 29.09.2022 EVERSMART PRODUCTS HANDELS GMBH PFAQ08S00000001 WWW.LOEWENHAAR.CH</AddtlNtryInf></Ntry></Stmt></BkToCstmrStmt></Document>
