<?xml version="1.0" encoding="UTF-8"?>
<Document xmlns="urn:iso:std:iso:20022:tech:xsd:camt.053.001.04" xmlns:xsi="http://www.w3.org/2001/XMLSchema-instance" xsi:schemaLocation="urn:iso:std:iso:20022:tech:xsd:camt.053.001.04 camt.053.001.04.xsd"><BkToCstmrStmt><GrpHdr><MsgId>20220830375204914537087</MsgId><CreDtTm>2022-08-31T01:32:25</CreDtTm><MsgPgntn><PgNb>1</PgNb><LastPgInd>true</LastPgInd></MsgPgntn><AddtlInf>SPS/1.7/PROD</AddtlInf></GrpHdr><Stmt><Id>20220830375204914537105</Id><ElctrncSeqNb>169</ElctrncSeqNb><CreDtTm>2022-08-31T01:32:25</CreDtTm><FrToDt><FrDtTm>2022-08-30T00:00:00</FrDtTm><ToDtTm>2022-08-30T23:59:59</ToDtTm></FrToDt><Acct><Id><IBAN>CH9209000000414939852</IBAN></Id><Ownr><Nm>eversmart products Handels GmbH Pfäffikon SZ</Nm></Ownr></Acct><Bal><Tp><CdOrPrtry><Cd>OPBD</Cd></CdOrPrtry></Tp><Amt Ccy="CHF">187453.52</Amt><CdtDbtInd>CRDT</CdtDbtInd><Dt><Dt>2022-08-30</Dt></Dt></Bal><Bal><Tp><CdOrPrtry><Cd>CLBD</Cd></CdOrPrtry></Tp><Amt Ccy="CHF">77564.05</Amt><CdtDbtInd>CRDT</CdtDbtInd><Dt><Dt>2022-08-30</Dt></Dt></Bal><Bal><Tp><CdOrPrtry><Cd>CLAV</Cd></CdOrPrtry></Tp><Amt Ccy="CHF">77564.05</Amt><CdtDbtInd>CRDT</CdtDbtInd><Dt><Dt>2022-08-30</Dt></Dt></Bal><Ntry><Amt Ccy="CHF">127577.03</Amt><CdtDbtInd>DBIT</CdtDbtInd><RvslInd>false</RvslInd><Sts>BOOK</Sts><BookgDt><Dt>2022-08-30</Dt></BookgDt><ValDt><Dt>2022-08-30</Dt></ValDt><AcctSvcrRef>2422200092CT14LK</AcctSvcrRef><BkTxCd><Domn><Cd>PMNT</Cd><Fmly><Cd>ICDT</Cd><SubFmlyCd>DMCT</SubFmlyCd></Fmly></Domn></BkTxCd><NtryDtls><TxDtls><Refs><AcctSvcrRef>25-639791423-1</AcctSvcrRef><PmtInfId>25:639791423</PmtInfId><InstrId>20220811000800698473322</InstrId></Refs><Amt Ccy="CHF">127577.03</Amt><CdtDbtInd>DBIT</CdtDbtInd><BkTxCd><Domn><Cd>PMNT</Cd><Fmly><Cd>ICDT</Cd><SubFmlyCd>DMCT</SubFmlyCd></Fmly></Domn></BkTxCd><RltdPties><Cdtr><Nm>Google Ireland Ltd.</Nm><PstlAdr><Ctry>CH</Ctry></PstlAdr></Cdtr><CdtrAcct><Id><IBAN>CH0389095000011074865</IBAN></Id></CdtrAcct></RltdPties><RltdAgts><CdtrAgt><FinInstnId><BICFI>CITIGB2LXXX</BICFI><Nm>Citibank N.A.</Nm><PstlAdr><Ctry>CH</Ctry><AdrLine>Canada Square / Canary Wharf E14 5LB London</AdrLine></PstlAdr></FinInstnId></CdtrAgt></RltdAgts><RmtInf><Ustrd>4309961548</Ustrd><Strd><AddtlRmtInf>Google Ads Juli 22</AddtlRmtInf></Strd></RmtInf></TxDtls></NtryDtls><AddtlNtryInf>LASTSCHRIFT CITIBANK N.A. CANADA SQUARE / CANARY WHARF E14 5LB LONDON CH0389095000011074865 GOOGLE IRELAND LTD. SENDER REFERENZ: GOOGLE ADS JULI 22 20220811000800698473322</AddtlNtryInf></Ntry><Ntry><NtryRef>CH9209000000414939852</NtryRef><Amt Ccy="CHF">1008.00</Amt><CdtDbtInd>CRDT</CdtDbtInd><RvslInd>false</RvslInd><Sts>BOOK</Sts><BookgDt><Dt>2022-08-30</Dt></BookgDt><ValDt><Dt>2022-08-30</Dt></ValDt><AcctSvcrRef>2422201094XR29FK</AcctSvcrRef><BkTxCd><Domn><Cd>PMNT</Cd><Fmly><Cd>RCDT</Cd><SubFmlyCd>ATXN</SubFmlyCd></Fmly></Domn></BkTxCd><NtryDtls><Btch><NbOfTxs>1</NbOfTxs></Btch><TxDtls><Refs><AcctSvcrRef>220830CH094XR29F</AcctSvcrRef><InstrId>16850836229/6XXX</InstrId><EndToEndId>NOTPROVIDED</EndToEndId><Prtry><Tp>00</Tp><Ref>220830CH094XR29F</Ref></Prtry></Refs><Amt Ccy="CHF">1008.00</Amt><CdtDbtInd>CRDT</CdtDbtInd><BkTxCd><Domn><Cd>PMNT</Cd><Fmly><Cd>RCDT</Cd><SubFmlyCd>ATXN</SubFmlyCd></Fmly></Domn></BkTxCd><RltdPties><Dbtr><Nm>Norbert Bachmann</Nm><PstlAdr><AdrLine>Rebbergstrasse 54</AdrLine><AdrLine>8832 Wollerau</AdrLine></PstlAdr></Dbtr><DbtrAcct><Id><IBAN>CH0280808008499671046</IBAN></Id></DbtrAcct><CdtrAcct><Id><IBAN>CH9209000000414939852</IBAN></Id></CdtrAcct></RltdPties><RltdAgts><DbtrAgt><FinInstnId><ClrSysMmbId><MmbId>81356</MmbId></ClrSysMmbId><Nm>Raiffeisenbank Region linker Zürichsee</Nm><PstlAdr><AdrLine>Churerstrasse 42</AdrLine><AdrLine>8808 Pfäffikon SZ</AdrLine></PstlAdr></FinInstnId></DbtrAgt></RltdAgts><RmtInf><Ustrd>RE-90118 Rechnung ist leider unterg</Ustrd><Ustrd> egangen, wir bitten sie die Verspa</Ustrd><Ustrd>e ung bei der Zahlung zu entschuldi</Ustrd><Ustrd>ge n</Ustrd><Strd><AddtlRmtInf>?REJECT?0</AddtlRmtInf><AddtlRmtInf>?ERROR?000</AddtlRmtInf></Strd></RmtInf><RltdDts><AccptncDtTm>2022-08-30T20:00:00</AccptncDtTm></RltdDts></TxDtls></NtryDtls><AddtlNtryInf>GUTSCHRIFT AUFTRAGGEBER: NORBERT BACHMANN REBBERGSTRASSE 54 8832 WOLLERAU MITTEILUNGEN: RE-90118 RECHNUNG IST LEIDER UNTERG  EGANGEN, WIR BITTEN SIE DIE VERSPA E UNG BEI DER ZAHLUNG ZU ENTSCHULDI GE N REFERENZEN: NOTPROVIDED 16850836229/6XXX 220830CH094XR29F</AddtlNtryInf></Ntry><Ntry><NtryRef>CH9209000000414939852</NtryRef><Amt Ccy="CHF">5483.04</Amt><CdtDbtInd>CRDT</CdtDbtInd><RvslInd>false</RvslInd><Sts>BOOK</Sts><BookgDt><Dt>2022-08-30</Dt></BookgDt><ValDt><Dt>2022-08-30</Dt></ValDt><AcctSvcrRef>2422200094K29HEK</AcctSvcrRef><BkTxCd><Domn><Cd>PMNT</Cd><Fmly><Cd>RCDT</Cd><SubFmlyCd>AUTT</SubFmlyCd></Fmly></Domn></BkTxCd><NtryDtls><Btch><NbOfTxs>1</NbOfTxs></Btch><TxDtls><Refs><MsgId>TWINT20220826-101-Merchant</MsgId><AcctSvcrRef>220827CH094K29HE</AcctSvcrRef><PmtInfId>TWINT20220826-101-Merchant-B1</PmtInfId><InstrId>5b903d0cf84f403ebd649de5a7af6d9b</InstrId><EndToEndId>TWINT20220826-101-Merchant-B1</EndToEndId><Prtry><Tp>00</Tp><Ref>220827CH094K29HE</Ref></Prtry></Refs><Amt Ccy="CHF">5483.04</Amt><CdtDbtInd>CRDT</CdtDbtInd><BkTxCd><Domn><Cd>PMNT</Cd><Fmly><Cd>RCDT</Cd><SubFmlyCd>AUTT</SubFmlyCd></Fmly></Domn></BkTxCd><RltdPties><Dbtr><Nm>TWINT Acquiring AG</Nm><PstlAdr><StrtNm>Stauffacherstrasse</StrtNm><BldgNb>41</BldgNb><PstCd>8004</PstCd><TwnNm>Zürich</TwnNm><Ctry>CH</Ctry></PstlAdr></Dbtr><DbtrAcct><Id><IBAN>CH6609000000313087410</IBAN></Id></DbtrAcct><CdtrAcct><Id><IBAN>CH9209000000414939852</IBAN></Id></CdtrAcct></RltdPties><RltdAgts><DbtrAgt><FinInstnId><BICFI>POFICHBEXXX</BICFI><Nm>POSTFINANCE AG</Nm><PstlAdr><AdrLine>MINGERSTRASSE , 20</AdrLine><AdrLine>3030 BERN</AdrLine></PstlAdr></FinInstnId></DbtrAgt></RltdAgts><RmtInf><Ustrd>999999 TWINT TWINT Auszahlungen Pay</Ustrd><Ustrd>out 20220827                       </Ustrd><Ustrd>   Gross: 5555.28 Fees: -72.24</Ustrd><Strd><AddtlRmtInf>?REJECT?0</AddtlRmtInf><AddtlRmtInf>?ERROR?000</AddtlRmtInf></Strd></RmtInf><RltdDts><AccptncDtTm>2022-08-29T20:00:00</AccptncDtTm></RltdDts></TxDtls></NtryDtls><AddtlNtryInf>GUTSCHRIFT CH6609000000313087410 ABSENDER: TWINT ACQUIRING AG STAUFFACHERSTRASSE 41 8004 ZÜRICH MITTEILUNGEN: 999999 TWINT TWINT AUSZAHLUNGEN PAY OUT 20220827                           GROSS: 5555.28 FEES: -72.24 REFERENZEN: TWINT20220826-101-MERCHANT-B1</AddtlNtryInf></Ntry><Ntry><NtryRef>CH9209000000414939852</NtryRef><Amt Ccy="CHF">1099.40</Amt><CdtDbtInd>CRDT</CdtDbtInd><RvslInd>false</RvslInd><Sts>BOOK</Sts><BookgDt><Dt>2022-08-30</Dt></BookgDt><ValDt><Dt>2022-08-30</Dt></ValDt><AcctSvcrRef>242220109504ANVK</AcctSvcrRef><BkTxCd><Domn><Cd>PMNT</Cd><Fmly><Cd>RCDT</Cd><SubFmlyCd>ATXN</SubFmlyCd></Fmly></Domn></BkTxCd><NtryDtls><Btch><NbOfTxs>1</NbOfTxs></Btch><TxDtls><Refs><AcctSvcrRef>220830CH09504ANV</AcctSvcrRef><InstrId>LON03245256015</InstrId><EndToEndId>NOTPROVIDED</EndToEndId><Prtry><Tp>00</Tp><Ref>220830CH09504ANV</Ref></Prtry></Refs><Amt Ccy="CHF">1099.40</Amt><CdtDbtInd>CRDT</CdtDbtInd><BkTxCd><Domn><Cd>PMNT</Cd><Fmly><Cd>RCDT</Cd><SubFmlyCd>ATXN</SubFmlyCd></Fmly></Domn></BkTxCd><RltdPties><Dbtr><Nm>STRIPE PAYMENTS UK LTD</Nm><PstlAdr><AdrLine>9TH FLOOR, 107 CHEAPSIDE GB - LONDO</AdrLine><AdrLine>N EC2V 6DN</AdrLine></PstlAdr></Dbtr><DbtrAcct><Id><IBAN>DK6289000000010375</IBAN></Id></DbtrAcct><CdtrAcct><Id><IBAN>CH9209000000414939852</IBAN></Id></CdtrAcct></RltdPties><RltdAgts><DbtrAgt><FinInstnId><BICFI>CITIGB2LXXX</BICFI><Nm>CITIBANK N.A.</Nm><PstlAdr><AdrLine>CITIBANK CENTRE25 CANADA SQUARE</AdrLine><AdrLine>E14 5LB LONDON</AdrLine></PstlAdr></FinInstnId></DbtrAgt></RltdAgts><RmtInf><Ustrd>STRIPE I7Y0F4</Ustrd><Strd><AddtlRmtInf>?REJECT?0</AddtlRmtInf><AddtlRmtInf>?ERROR?000</AddtlRmtInf></Strd></RmtInf><RltdDts><AccptncDtTm>2022-08-30T20:00:00</AccptncDtTm></RltdDts></TxDtls></NtryDtls><AddtlNtryInf>GUTSCHRIFT AUFTRAGGEBER: STRIPE PAYMENTS UK LTD 9TH FLOOR, 107 CHEAPSIDE GB - LONDO N EC2V 6DN MITTEILUNGEN: STRIPE I7Y0F4 SPESENBETRAG 0.00 CHF SHA REFERENZEN: NOTPROVIDED LON03245256015 220830CH09504ANV</AddtlNtryInf></Ntry><Ntry><NtryRef>CH9209000000414939852</NtryRef><Amt Ccy="CHF">758.63</Amt><CdtDbtInd>CRDT</CdtDbtInd><RvslInd>false</RvslInd><Sts>BOOK</Sts><BookgDt><Dt>2022-08-30</Dt></BookgDt><ValDt><Dt>2022-08-30</Dt></ValDt><AcctSvcrRef>2422200094LP4BJK</AcctSvcrRef><BkTxCd><Domn><Cd>PMNT</Cd><Fmly><Cd>RCDT</Cd><SubFmlyCd>AUTT</SubFmlyCd></Fmly></Domn></BkTxCd><NtryDtls><Btch><NbOfTxs>1</NbOfTxs></Btch><TxDtls><Refs><MsgId>TWINT20220827-101-Merchant</MsgId><AcctSvcrRef>220828CH094LP4BJ</AcctSvcrRef><PmtInfId>TWINT20220827-101-Merchant-B1</PmtInfId><InstrId>ef3f06a976264b4db904fae3b273885e</InstrId><EndToEndId>TWINT20220827-101-Merchant-B1</EndToEndId><Prtry><Tp>00</Tp><Ref>220828CH094LP4BJ</Ref></Prtry></Refs><Amt Ccy="CHF">758.63</Amt><CdtDbtInd>CRDT</CdtDbtInd><BkTxCd><Domn><Cd>PMNT</Cd><Fmly><Cd>RCDT</Cd><SubFmlyCd>AUTT</SubFmlyCd></Fmly></Domn></BkTxCd><RltdPties><Dbtr><Nm>TWINT Acquiring AG</Nm><PstlAdr><StrtNm>Stauffacherstrasse</StrtNm><BldgNb>41</BldgNb><PstCd>8004</PstCd><TwnNm>Zürich</TwnNm><Ctry>CH</Ctry></PstlAdr></Dbtr><DbtrAcct><Id><IBAN>CH6609000000313087410</IBAN></Id></DbtrAcct><CdtrAcct><Id><IBAN>CH9209000000414939852</IBAN></Id></CdtrAcct></RltdPties><RltdAgts><DbtrAgt><FinInstnId><BICFI>POFICHBEXXX</BICFI><Nm>POSTFINANCE AG</Nm><PstlAdr><AdrLine>MINGERSTRASSE , 20</AdrLine><AdrLine>3030 BERN</AdrLine></PstlAdr></FinInstnId></DbtrAgt></RltdAgts><RmtInf><Ustrd>999999 TWINT TWINT Auszahlungen Pay</Ustrd><Ustrd>out 20220828                       </Ustrd><Ustrd>   Gross: 768.63 Fees: -10.00</Ustrd><Strd><AddtlRmtInf>?REJECT?0</AddtlRmtInf><AddtlRmtInf>?ERROR?000</AddtlRmtInf></Strd></RmtInf><RltdDts><AccptncDtTm>2022-08-29T20:00:00</AccptncDtTm></RltdDts></TxDtls></NtryDtls><AddtlNtryInf>GUTSCHRIFT CH6609000000313087410 ABSENDER: TWINT ACQUIRING AG STAUFFACHERSTRASSE 41 8004 ZÜRICH MITTEILUNGEN: 999999 TWINT TWINT AUSZAHLUNGEN PAY OUT 20220828                           GROSS: 768.63 FEES: -10.00 REFERENZEN: TWINT20220827-101-MERCHANT-B1</AddtlNtryInf></Ntry><Ntry><NtryRef>CH9209000000414939852</NtryRef><Amt Ccy="CHF">1413.40</Amt><CdtDbtInd>CRDT</CdtDbtInd><RvslInd>false</RvslInd><Sts>BOOK</Sts><BookgDt><Dt>2022-08-30</Dt></BookgDt><ValDt><Dt>2022-08-30</Dt></ValDt><AcctSvcrRef>2422200094QH0BFK</AcctSvcrRef><BkTxCd><Domn><Cd>PMNT</Cd><Fmly><Cd>RCDT</Cd><SubFmlyCd>AUTT</SubFmlyCd></Fmly></Domn></BkTxCd><NtryDtls><Btch><NbOfTxs>1</NbOfTxs></Btch><TxDtls><Refs><MsgId>TWINT20220828-101-Merchant</MsgId><AcctSvcrRef>220829CH094QH0BF</AcctSvcrRef><PmtInfId>TWINT20220828-101-Merchant-B1</PmtInfId><InstrId>9d4936ea38b14036a9a013ab8310b4ac</InstrId><EndToEndId>TWINT20220828-101-Merchant-B1</EndToEndId><Prtry><Tp>00</Tp><Ref>220829CH094QH0BF</Ref></Prtry></Refs><Amt Ccy="CHF">1413.40</Amt><CdtDbtInd>CRDT</CdtDbtInd><BkTxCd><Domn><Cd>PMNT</Cd><Fmly><Cd>RCDT</Cd><SubFmlyCd>AUTT</SubFmlyCd></Fmly></Domn></BkTxCd><RltdPties><Dbtr><Nm>TWINT Acquiring AG</Nm><PstlAdr><StrtNm>Stauffacherstrasse</StrtNm><BldgNb>41</BldgNb><PstCd>8004</PstCd><TwnNm>Zürich</TwnNm><Ctry>CH</Ctry></PstlAdr></Dbtr><DbtrAcct><Id><IBAN>CH6609000000313087410</IBAN></Id></DbtrAcct><CdtrAcct><Id><IBAN>CH9209000000414939852</IBAN></Id></CdtrAcct></RltdPties><RltdAgts><DbtrAgt><FinInstnId><BICFI>POFICHBEXXX</BICFI><Nm>POSTFINANCE AG</Nm><PstlAdr><AdrLine>MINGERSTRASSE , 20</AdrLine><AdrLine>3030 BERN</AdrLine></PstlAdr></FinInstnId></DbtrAgt></RltdAgts><RmtInf><Ustrd>999999 TWINT TWINT Auszahlungen Pay</Ustrd><Ustrd>out 20220829                       </Ustrd><Ustrd>   Gross: 1432.03 Fees: -18.63</Ustrd><Strd><AddtlRmtInf>?REJECT?0</AddtlRmtInf><AddtlRmtInf>?ERROR?000</AddtlRmtInf></Strd></RmtInf><RltdDts><AccptncDtTm>2022-08-30T20:00:00</AccptncDtTm></RltdDts></TxDtls></NtryDtls><AddtlNtryInf>GUTSCHRIFT CH6609000000313087410 ABSENDER: TWINT ACQUIRING AG STAUFFACHERSTRASSE 41 8004 ZÜRICH MITTEILUNGEN: 999999 TWINT TWINT AUSZAHLUNGEN PAY OUT 20220829                           GROSS: 1432.03 FEES: -18.63 REFERENZEN: TWINT20220828-101-MERCHANT-B1</AddtlNtryInf></Ntry><Ntry><Amt Ccy="CHF">1352.50</Amt><CdtDbtInd>DBIT</CdtDbtInd><RvslInd>false</RvslInd><Sts>BOOK</Sts><BookgDt><Dt>2022-08-30</Dt></BookgDt><ValDt><Dt>2022-08-30</Dt></ValDt><AcctSvcrRef>2422200094WVKKQK</AcctSvcrRef><BkTxCd><Domn><Cd>PMNT</Cd><Fmly><Cd>ICDT</Cd><SubFmlyCd>ESCT</SubFmlyCd></Fmly></Domn></BkTxCd><NtryDtls><TxDtls><Refs><AcctSvcrRef>25-650599853-1</AcctSvcrRef><PmtInfId>25:650599853</PmtInfId><InstrId>20220830000800999562551</InstrId></Refs><Amt Ccy="CHF">1352.50</Amt><CdtDbtInd>DBIT</CdtDbtInd><AmtDtls><InstdAmt><Amt Ccy="EUR">1372.68</Amt><CcyXchg><SrcCcy>EUR</SrcCcy><XchgRate>0.9853</XchgRate></CcyXchg></InstdAmt></AmtDtls><BkTxCd><Domn><Cd>PMNT</Cd><Fmly><Cd>ICDT</Cd><SubFmlyCd>ESCT</SubFmlyCd></Fmly></Domn></BkTxCd><RltdPties><Cdtr><Nm>Hebei Nanhe Trade Co., Ltd.</Nm><PstlAdr><Ctry>LU</Ctry><AdrLine>9, rue du Laboratoire, L-1911 Luxembourg</AdrLine></PstlAdr></Cdtr><CdtrAcct><Id><IBAN>LU920670005068355437</IBAN></Id></CdtrAcct></RltdPties><RltdAgts><CdtrAgt><FinInstnId><BICFI>CHASLULXXXX</BICFI><Nm>J.P. MORGAN SE - LUXEMBOURG BRANCH</Nm><PstlAdr><Ctry>LU</Ctry><AdrLine>6 ROUTE DE TREVES L-2663 SENNINGERBERG</AdrLine></PstlAdr></FinInstnId></CdtrAgt></RltdAgts><RmtInf><Ustrd>150598459501020146</Ustrd><Strd><AddtlRmtInf>HW Happysmell Ölfl.</AddtlRmtInf></Strd></RmtInf></TxDtls></NtryDtls><AddtlNtryInf>GIRO INTERNATIONAL (SEPA) EUR 1'372.68 ZUM KURS VON 0.9853 J.P. MORGAN SE - LUXEMBOURG BRANCH 6 ROUTE DE TREVES L-2663 SENNINGERBERG LU920670005068355437 HEBEI NANHE TRADE CO., LTD. 9, RUE DU LABORATOIRE, L-1911 LUXEMBOURG SENDER REFERENZ: HW HAPPYSMELL ÖLFL. 20220830000800999562551</AddtlNtryInf></Ntry><Ntry><Amt Ccy="CHF">9.80</Amt><CdtDbtInd>DBIT</CdtDbtInd><RvslInd>false</RvslInd><Sts>BOOK</Sts><BookgDt><Dt>2022-08-30</Dt></BookgDt><ValDt><Dt>2022-08-30</Dt></ValDt><AcctSvcrRef>2422200094WNYRJK</AcctSvcrRef><BkTxCd><Domn><Cd>PMNT</Cd><Fmly><Cd>ICDT</Cd><SubFmlyCd>ESCT</SubFmlyCd></Fmly></Domn></BkTxCd><NtryDtls><TxDtls><Refs><AcctSvcrRef>25-650597631-1</AcctSvcrRef><PmtInfId>25:650597631</PmtInfId><InstrId>20220830000800999498186</InstrId></Refs><Amt Ccy="CHF">9.80</Amt><CdtDbtInd>DBIT</CdtDbtInd><AmtDtls><InstdAmt><Amt Ccy="EUR">9.95</Amt><CcyXchg><SrcCcy>EUR</SrcCcy><XchgRate>0.9853</XchgRate></CcyXchg></InstdAmt></AmtDtls><BkTxCd><Domn><Cd>PMNT</Cd><Fmly><Cd>ICDT</Cd><SubFmlyCd>ESCT</SubFmlyCd></Fmly></Domn></BkTxCd><RltdPties><Cdtr><Nm>ASB Herbalind gGmbH</Nm><PstlAdr><Ctry>DE</Ctry><AdrLine>Alfred-Nobel-Strasse 8 46414 Rhede</AdrLine></PstlAdr></Cdtr><CdtrAcct><Id><IBAN>DE39428618140006322000</IBAN></Id></CdtrAcct></RltdPties><RltdAgts><CdtrAgt><FinInstnId><BICFI>GENODEM1RHD</BICFI><Nm>VOLKSBANK RHEDE EG</Nm><PstlAdr><Ctry>DE</Ctry><AdrLine>RHEDE</AdrLine></PstlAdr></FinInstnId></CdtrAgt></RltdAgts><RmtInf><Ustrd>Beleg 205619 / Kd 105200</Ustrd><Strd><AddtlRmtInf>HW Happysmell Herbalind 07/22</AddtlRmtInf></Strd></RmtInf></TxDtls></NtryDtls><AddtlNtryInf>GIRO INTERNATIONAL (SEPA) EUR 9.95 ZUM KURS VON 0.9853 VOLKSBANK RHEDE EG  RHEDE DE39428618140006322000 ASB HERBALIND GGMBH ALFRED-NOBEL-STRASSE 8 46414 RHEDE SENDER REFERENZ: HW HAPPYSMELL HERBALIND 07/22 20220830000800999498186</AddtlNtryInf></Ntry><Ntry><NtryRef>CH4330000001414939852</NtryRef><Amt Ccy="CHF">9242.19</Amt><CdtDbtInd>CRDT</CdtDbtInd><RvslInd>false</RvslInd><Sts>BOOK</Sts><BookgDt><Dt>2022-08-30</Dt></BookgDt><ValDt><Dt>2022-08-30</Dt></ValDt><AcctSvcrRef>24222000955A8FSU</AcctSvcrRef><BkTxCd><Domn><Cd>PMNT</Cd><Fmly><Cd>RCDT</Cd><SubFmlyCd>VCOM</SubFmlyCd></Fmly></Domn></BkTxCd><Chrgs><TtlChrgsAndTaxAmt Ccy="CHF">7.60</TtlChrgsAndTaxAmt><Rcrd><Amt Ccy="CHF">7.60</Amt><CdtDbtInd>DBIT</CdtDbtInd><ChrgInclInd>false</ChrgInclInd><Tp><Prtry><Id>2</Id></Prtry></Tp></Rcrd></Chrgs><NtryDtls><TxDtls><Refs><AcctSvcrRef>24222000955A8FSU</AcctSvcrRef></Refs><Amt Ccy="CHF">9242.19</Amt><CdtDbtInd>CRDT</CdtDbtInd></TxDtls></NtryDtls><AddtlNtryInf>SAMMELGUTSCHRIFT FÜR KONTO: CH4330000001414939852 VERARBEITUNG VOM 30.08.2022 PAKET ID: 220830CH0000095B</AddtlNtryInf></Ntry><Ntry><NtryRef>CH9530000002414939852</NtryRef><Amt Ccy="CHF">37.30</Amt><CdtDbtInd>CRDT</CdtDbtInd><RvslInd>false</RvslInd><Sts>BOOK</Sts><BookgDt><Dt>2022-08-30</Dt></BookgDt><ValDt><Dt>2022-08-30</Dt></ValDt><AcctSvcrRef>24222000955A778U</AcctSvcrRef><BkTxCd><Domn><Cd>PMNT</Cd><Fmly><Cd>RCDT</Cd><SubFmlyCd>VCOM</SubFmlyCd></Fmly></Domn></BkTxCd><NtryDtls><TxDtls><Refs><AcctSvcrRef>24222000955A778U</AcctSvcrRef></Refs><Amt Ccy="CHF">37.30</Amt><CdtDbtInd>CRDT</CdtDbtInd></TxDtls></NtryDtls><AddtlNtryInf>SAMMELGUTSCHRIFT FÜR KONTO: CH9530000002414939852 VERARBEITUNG VOM 30.08.2022 PAKET ID: 220830CH00000DW2</AddtlNtryInf></Ntry><Ntry><Amt Ccy="CHF">7.90</Amt><CdtDbtInd>CRDT</CdtDbtInd><RvslInd>false</RvslInd><Sts>BOOK</Sts><BookgDt><Dt>2022-08-30</Dt></BookgDt><ValDt><Dt>2022-08-30</Dt></ValDt><AcctSvcrRef>2422400197334064</AcctSvcrRef><BkTxCd><Domn><Cd>PMNT</Cd><Fmly><Cd>MCRD</Cd><SubFmlyCd>POSP</SubFmlyCd></Fmly></Domn></BkTxCd><NtryDtls><TxDtls><Refs><AcctSvcrRef>2422400197334064</AcctSvcrRef></Refs><Amt Ccy="CHF">7.90</Amt><CdtDbtInd>CRDT</CdtDbtInd></TxDtls></NtryDtls><AddtlNtryInf>GUTSCHRIFT E-PAYMENT-TRANSAKTIONEN POSTFINANCE CARD EINLIEFERUNG VOM 29.08.2022 EVERSMART PRODUCTS HANDELS GMBH PFAQ08TW0000001 HTTPS://WWW.SANACLIP.CH</AddtlNtryInf></Ntry></Stmt></BkToCstmrStmt></Document>
