<?xml version="1.0" encoding="UTF-8"?>
<Document xmlns="urn:iso:std:iso:20022:tech:xsd:camt.053.001.04" xmlns:xsi="http://www.w3.org/2001/XMLSchema-instance" xsi:schemaLocation="urn:iso:std:iso:20022:tech:xsd:camt.053.001.04 camt.053.001.04.xsd"><BkToCstmrStmt><GrpHdr><MsgId>20220726375204889619759</MsgId><CreDtTm>2022-07-27T01:41:08</CreDtTm><MsgPgntn><PgNb>1</PgNb><LastPgInd>true</LastPgInd></MsgPgntn><AddtlInf>SPS/1.7/PROD</AddtlInf></GrpHdr><Stmt><Id>20220726375204889619782</Id><ElctrncSeqNb>144</ElctrncSeqNb><CreDtTm>2022-07-27T01:41:08</CreDtTm><FrToDt><FrDtTm>2022-07-26T00:00:00</FrDtTm><ToDtTm>2022-07-26T23:59:59</ToDtTm></FrToDt><Acct><Id><IBAN>CH9209000000414939852</IBAN></Id><Ownr><Nm>eversmart products Handels GmbH Pfäffikon SZ</Nm></Ownr></Acct><Bal><Tp><CdOrPrtry><Cd>OPBD</Cd></CdOrPrtry></Tp><Amt Ccy="CHF">114332.87</Amt><CdtDbtInd>CRDT</CdtDbtInd><Dt><Dt>2022-07-26</Dt></Dt></Bal><Bal><Tp><CdOrPrtry><Cd>CLBD</Cd></CdOrPrtry></Tp><Amt Ccy="CHF">107620.50</Amt><CdtDbtInd>CRDT</CdtDbtInd><Dt><Dt>2022-07-26</Dt></Dt></Bal><Bal><Tp><CdOrPrtry><Cd>CLAV</Cd></CdOrPrtry></Tp><Amt Ccy="CHF">107620.50</Amt><CdtDbtInd>CRDT</CdtDbtInd><Dt><Dt>2022-07-26</Dt></Dt></Bal><Ntry><Amt Ccy="CHF">30000.00</Amt><CdtDbtInd>DBIT</CdtDbtInd><RvslInd>false</RvslInd><Sts>BOOK</Sts><BookgDt><Dt>2022-07-26</Dt></BookgDt><ValDt><Dt>2022-07-26</Dt></ValDt><AcctSvcrRef>207220008ZN3VERK</AcctSvcrRef><BkTxCd><Domn><Cd>PMNT</Cd><Fmly><Cd>ICDT</Cd><SubFmlyCd>DMCT</SubFmlyCd></Fmly></Domn></BkTxCd><NtryDtls><TxDtls><Refs><AcctSvcrRef>25-628836281-1</AcctSvcrRef><PmtInfId>25:628836281</PmtInfId><InstrId>20220725000800430220349</InstrId></Refs><Amt Ccy="CHF">30000.00</Amt><CdtDbtInd>DBIT</CdtDbtInd><BkTxCd><Domn><Cd>PMNT</Cd><Fmly><Cd>ICDT</Cd><SubFmlyCd>DMCT</SubFmlyCd></Fmly></Domn></BkTxCd><RltdPties><Cdtr><Nm>Godetra AG</Nm><PstlAdr><Ctry>CH</Ctry></PstlAdr></Cdtr><CdtrAcct><Id><IBAN>CH1504835030036301000</IBAN></Id></CdtrAcct></RltdPties><RltdAgts><CdtrAgt><FinInstnId><BICFI>CRESCHZZ80A</BICFI><Nm>Credit Suisse (Schweiz) AG</Nm><PstlAdr><Ctry>CH</Ctry><AdrLine>Paradeplatz 8</AdrLine><AdrLine>8070 Zürich</AdrLine></PstlAdr></FinInstnId></CdtrAgt></RltdAgts><RmtInf><Ustrd>Fulfillment Akonto</Ustrd><Strd><AddtlRmtInf>Fulfillment Akonto</AddtlRmtInf></Strd></RmtInf></TxDtls></NtryDtls><AddtlNtryInf>LASTSCHRIFT Credit Suisse (Schweiz) AG Paradeplatz 8 8070 Zürich CH1504835030036301000 Godetra AG SENDER REFERENZ: Fulfillment Akonto 20220725000800430220349</AddtlNtryInf></Ntry><Ntry><Amt Ccy="CHF">80.00</Amt><CdtDbtInd>CRDT</CdtDbtInd><RvslInd>false</RvslInd><Sts>BOOK</Sts><BookgDt><Dt>2022-07-26</Dt></BookgDt><ValDt><Dt>2022-07-26</Dt></ValDt><AcctSvcrRef>207220108ZHWJOOK</AcctSvcrRef><BkTxCd><Domn><Cd>PMNT</Cd><Fmly><Cd>RCDT</Cd><SubFmlyCd>AUTT</SubFmlyCd></Fmly></Domn></BkTxCd><NtryDtls><Btch><NbOfTxs>1</NbOfTxs></Btch><TxDtls><Refs><AcctSvcrRef>220725CH08ZHWJOO</AcctSvcrRef><InstrId>20220725000800416810703</InstrId><Prtry><Tp>00</Tp><Ref>220725CH08ZHWJOO</Ref></Prtry></Refs><Amt Ccy="CHF">80.00</Amt><CdtDbtInd>CRDT</CdtDbtInd><BkTxCd><Domn><Cd>PMNT</Cd><Fmly><Cd>RCDT</Cd><SubFmlyCd>AUTT</SubFmlyCd></Fmly></Domn></BkTxCd><RltdPties><Dbtr><Nm>Leumann Stephanie</Nm><PstlAdr><StrtNm>Bahnhofstrasse</StrtNm><BldgNb>56</BldgNb><PstCd>9450</PstCd><TwnNm>Altstätten SG</TwnNm><Ctry>CH</Ctry></PstlAdr></Dbtr><DbtrAcct><Id><IBAN>CH2609000000877841627</IBAN></Id></DbtrAcct><CdtrAcct><Id><IBAN>CH9209000000414939852</IBAN></Id></CdtrAcct></RltdPties><RltdAgts><DbtrAgt><FinInstnId><BICFI>POFICHBEXXX</BICFI><Nm>POSTFINANCE AG</Nm><PstlAdr><AdrLine>MINGERSTRASSE , 20</AdrLine><AdrLine>3030 BERN</AdrLine></PstlAdr></FinInstnId></DbtrAgt></RltdAgts><RmtInf><Ustrd>Kundennr.:078004</Ustrd><Strd><AddtlRmtInf>?REJECT?0</AddtlRmtInf><AddtlRmtInf>?ERROR?000</AddtlRmtInf></Strd></RmtInf><RltdDts><AccptncDtTm>2022-07-26T20:00:00</AccptncDtTm></RltdDts></TxDtls></NtryDtls><AddtlNtryInf>GUTSCHRIFT CH2609000000877841627 ABSENDER: Leumann Stephanie Bahnhofstrasse 56 9450 Altstätten SG MITTEILUNGEN: Kundennr.:078004</AddtlNtryInf></Ntry><Ntry><Amt Ccy="CHF">769.00</Amt><CdtDbtInd>CRDT</CdtDbtInd><RvslInd>false</RvslInd><Sts>BOOK</Sts><BookgDt><Dt>2022-07-26</Dt></BookgDt><ValDt><Dt>2022-07-26</Dt></ValDt><AcctSvcrRef>207220108ZPU5IYK</AcctSvcrRef><BkTxCd><Domn><Cd>PMNT</Cd><Fmly><Cd>RCDT</Cd><SubFmlyCd>ATXN</SubFmlyCd></Fmly></Domn></BkTxCd><NtryDtls><Btch><NbOfTxs>1</NbOfTxs></Btch><TxDtls><Refs><AcctSvcrRef>220726CH08ZPU5IY</AcctSvcrRef><InstrId>16763596155/4XXX</InstrId><EndToEndId>14751</EndToEndId><Prtry><Tp>00</Tp><Ref>220726CH08ZPU5IY</Ref></Prtry></Refs><Amt Ccy="CHF">769.00</Amt><CdtDbtInd>CRDT</CdtDbtInd><BkTxCd><Domn><Cd>PMNT</Cd><Fmly><Cd>RCDT</Cd><SubFmlyCd>ATXN</SubFmlyCd></Fmly></Domn></BkTxCd><RltdPties><Dbtr><Nm>Carrosserie SCHNEIDER AG</Nm><PstlAdr><AdrLine>Industriestrasse 17</AdrLine><AdrLine>4222 Zwingen</AdrLine></PstlAdr></Dbtr><DbtrAcct><Id><IBAN>CH5980808006659871214</IBAN></Id></DbtrAcct><CdtrAcct><Id><IBAN>CH9209000000414939852</IBAN></Id></CdtrAcct></RltdPties><RltdAgts><DbtrAgt><FinInstnId><ClrSysMmbId><MmbId>80097</MmbId></ClrSysMmbId><Nm>Raiffeisenbank Laufental-Thierstein</Nm><PstlAdr><AdrLine>Bahnhofstrasse 17</AdrLine><AdrLine>4242 Laufen</AdrLine></PstlAdr></FinInstnId></DbtrAgt></RltdAgts><RmtInf><Ustrd>RG RE-89598</Ustrd><Strd><AddtlRmtInf>?REJECT?0</AddtlRmtInf><AddtlRmtInf>?ERROR?000</AddtlRmtInf></Strd></RmtInf><RltdDts><AccptncDtTm>2022-07-26T20:00:00</AccptncDtTm></RltdDts></TxDtls></NtryDtls><AddtlNtryInf>GUTSCHRIFT AUFTRAGGEBER: Carrosserie SCHNEIDER AG Industriestrasse 17 4222 Zwingen MITTEILUNGEN: RG RE-89598 REFERENZEN: 14751 16763596155/4XXX 220726CH08ZPU5IY</AddtlNtryInf></Ntry><Ntry><Amt Ccy="CHF">928.00</Amt><CdtDbtInd>CRDT</CdtDbtInd><RvslInd>false</RvslInd><Sts>BOOK</Sts><BookgDt><Dt>2022-07-26</Dt></BookgDt><ValDt><Dt>2022-07-26</Dt></ValDt><AcctSvcrRef>207220108ZN5XWZK</AcctSvcrRef><BkTxCd><Domn><Cd>PMNT</Cd><Fmly><Cd>RCDT</Cd><SubFmlyCd>AUTT</SubFmlyCd></Fmly></Domn></BkTxCd><NtryDtls><Btch><NbOfTxs>1</NbOfTxs></Btch><TxDtls><Refs><AcctSvcrRef>220725CH08ZN5XWZ</AcctSvcrRef><InstrId>20220725000800426190712</InstrId><Prtry><Tp>00</Tp><Ref>220725CH08ZN5XWZ</Ref></Prtry></Refs><Amt Ccy="CHF">928.00</Amt><CdtDbtInd>CRDT</CdtDbtInd><BkTxCd><Domn><Cd>PMNT</Cd><Fmly><Cd>RCDT</Cd><SubFmlyCd>AUTT</SubFmlyCd></Fmly></Domn></BkTxCd><RltdPties><Dbtr><Nm>Wüthrich Beatrice</Nm><PstlAdr><StrtNm>Brüglenstrasse</StrtNm><BldgNb>10</BldgNb><PstCd>8345</PstCd><TwnNm>Adetswil</TwnNm><Ctry>CH</Ctry></PstlAdr></Dbtr><DbtrAcct><Id><IBAN>CH0709000000873496466</IBAN></Id></DbtrAcct><CdtrAcct><Id><IBAN>CH9209000000414939852</IBAN></Id></CdtrAcct></RltdPties><RltdAgts><DbtrAgt><FinInstnId><BICFI>POFICHBEXXX</BICFI><Nm>POSTFINANCE AG</Nm><PstlAdr><AdrLine>MINGERSTRASSE , 20</AdrLine><AdrLine>3030 BERN</AdrLine></PstlAdr></FinInstnId></DbtrAgt></RltdAgts><RmtInf><Ustrd>Bestellung 9327 Vorkasse</Ustrd><Strd><AddtlRmtInf>?REJECT?0</AddtlRmtInf><AddtlRmtInf>?ERROR?000</AddtlRmtInf></Strd></RmtInf><RltdDts><AccptncDtTm>2022-07-26T20:00:00</AccptncDtTm></RltdDts></TxDtls></NtryDtls><AddtlNtryInf>GUTSCHRIFT CH0709000000873496466 ABSENDER: Wüthrich Beatrice Brüglenstrasse 10 8345 Adetswil MITTEILUNGEN: Bestellung 9327 Vorkasse</AddtlNtryInf></Ntry><Ntry><Amt Ccy="CHF">859.00</Amt><CdtDbtInd>CRDT</CdtDbtInd><RvslInd>false</RvslInd><Sts>BOOK</Sts><BookgDt><Dt>2022-07-26</Dt></BookgDt><ValDt><Dt>2022-07-26</Dt></ValDt><AcctSvcrRef>207220108ZM5411K</AcctSvcrRef><BkTxCd><Domn><Cd>PMNT</Cd><Fmly><Cd>RCDT</Cd><SubFmlyCd>AUTT</SubFmlyCd></Fmly></Domn></BkTxCd><NtryDtls><Btch><NbOfTxs>1</NbOfTxs></Btch><TxDtls><Refs><AcctSvcrRef>220725CH08ZM5411</AcctSvcrRef><InstrId>20220725000800430375619</InstrId><Prtry><Tp>00</Tp><Ref>220725CH08ZM5411</Ref></Prtry></Refs><Amt Ccy="CHF">859.00</Amt><CdtDbtInd>CRDT</CdtDbtInd><BkTxCd><Domn><Cd>PMNT</Cd><Fmly><Cd>RCDT</Cd><SubFmlyCd>AUTT</SubFmlyCd></Fmly></Domn></BkTxCd><RltdPties><Dbtr><Nm>Kruschke, Mario</Nm><PstlAdr><StrtNm>Grotweg</StrtNm><BldgNb>25</BldgNb><PstCd>2543</PstCd><TwnNm>Lengnau BE</TwnNm><Ctry>CH</Ctry></PstlAdr></Dbtr><DbtrAcct><Id><IBAN>CH8709000000153531247</IBAN></Id></DbtrAcct><CdtrAcct><Id><IBAN>CH9209000000414939852</IBAN></Id></CdtrAcct></RltdPties><RltdAgts><DbtrAgt><FinInstnId><BICFI>POFICHBEXXX</BICFI><Nm>POSTFINANCE AG</Nm><PstlAdr><AdrLine>MINGERSTRASSE , 20</AdrLine><AdrLine>3030 BERN</AdrLine></PstlAdr></FinInstnId></DbtrAgt></RltdAgts><RmtInf><Ustrd>Anschrift. Fam . Mario Kruschke, Re</Ustrd><Ustrd>bgæssli 20, 2540 Grenchen, Schreibt</Ustrd><Ustrd>isch</Ustrd><Strd><AddtlRmtInf>?REJECT?0</AddtlRmtInf><AddtlRmtInf>?ERROR?000</AddtlRmtInf></Strd></RmtInf><RltdDts><AccptncDtTm>2022-07-26T20:00:00</AccptncDtTm></RltdDts></TxDtls></NtryDtls><AddtlNtryInf>GUTSCHRIFT CH8709000000153531247 ABSENDER: Kruschke, Mario Grotweg 25 2543 Lengnau BE MITTEILUNGEN: Anschrift. Fam . Mario Kruschke, Re bgæssli 20, 2540 Grenchen, Schreibt isch</AddtlNtryInf></Ntry><Ntry><Amt Ccy="CHF">1047.00</Amt><CdtDbtInd>CRDT</CdtDbtInd><RvslInd>false</RvslInd><Sts>BOOK</Sts><BookgDt><Dt>2022-07-26</Dt></BookgDt><ValDt><Dt>2022-07-26</Dt></ValDt><AcctSvcrRef>207220108ZQ1AGXK</AcctSvcrRef><BkTxCd><Domn><Cd>PMNT</Cd><Fmly><Cd>RCDT</Cd><SubFmlyCd>ATXN</SubFmlyCd></Fmly></Domn></BkTxCd><NtryDtls><Btch><NbOfTxs>1</NbOfTxs></Btch><TxDtls><Refs><AcctSvcrRef>220726CH08ZQ1AGX</AcctSvcrRef><InstrId>16763811699/6XXX</InstrId><EndToEndId>NOTPROVIDED</EndToEndId><Prtry><Tp>00</Tp><Ref>220726CH08ZQ1AGX</Ref></Prtry></Refs><Amt Ccy="CHF">1047.00</Amt><CdtDbtInd>CRDT</CdtDbtInd><BkTxCd><Domn><Cd>PMNT</Cd><Fmly><Cd>RCDT</Cd><SubFmlyCd>ATXN</SubFmlyCd></Fmly></Domn></BkTxCd><RltdPties><Dbtr><Nm>Gianfranco Bortone</Nm><PstlAdr><AdrLine>Saelistrasse 19</AdrLine><AdrLine>6005 Luzern</AdrLine></PstlAdr></Dbtr><DbtrAcct><Id><IBAN>CH6280808008775706746</IBAN></Id></DbtrAcct><CdtrAcct><Id><IBAN>CH9209000000414939852</IBAN></Id></CdtrAcct></RltdPties><RltdAgts><DbtrAgt><FinInstnId><ClrSysMmbId><MmbId>81203</MmbId></ClrSysMmbId><Nm>Raiffeisenbank Luzern</Nm><PstlAdr><AdrLine>Bahnhofstrasse 5</AdrLine><AdrLine>6003 Luzern</AdrLine></PstlAdr></FinInstnId></DbtrAgt></RltdAgts><RmtInf><Ustrd>RE-89435</Ustrd><Strd><AddtlRmtInf>?REJECT?0</AddtlRmtInf><AddtlRmtInf>?ERROR?000</AddtlRmtInf></Strd></RmtInf><RltdDts><AccptncDtTm>2022-07-26T20:00:00</AccptncDtTm></RltdDts></TxDtls></NtryDtls><AddtlNtryInf>GUTSCHRIFT AUFTRAGGEBER: Gianfranco Bortone Saelistrasse 19 6005 Luzern MITTEILUNGEN: RE-89435 REFERENZEN: NOTPROVIDED 16763811699/6XXX 220726CH08ZQ1AGX</AddtlNtryInf></Ntry><Ntry><Amt Ccy="CHF">958.00</Amt><CdtDbtInd>CRDT</CdtDbtInd><RvslInd>false</RvslInd><Sts>BOOK</Sts><BookgDt><Dt>2022-07-26</Dt></BookgDt><ValDt><Dt>2022-07-26</Dt></ValDt><AcctSvcrRef>207220108ZNA9YMK</AcctSvcrRef><BkTxCd><Domn><Cd>PMNT</Cd><Fmly><Cd>RCDT</Cd><SubFmlyCd>AUTT</SubFmlyCd></Fmly></Domn></BkTxCd><NtryDtls><Btch><NbOfTxs>1</NbOfTxs></Btch><TxDtls><Refs><AcctSvcrRef>220725CH08ZNA9YM</AcctSvcrRef><InstrId>20220725000800429456940</InstrId><Prtry><Tp>00</Tp><Ref>220725CH08ZNA9YM</Ref></Prtry></Refs><Amt Ccy="CHF">958.00</Amt><CdtDbtInd>CRDT</CdtDbtInd><BkTxCd><Domn><Cd>PMNT</Cd><Fmly><Cd>RCDT</Cd><SubFmlyCd>AUTT</SubFmlyCd></Fmly></Domn></BkTxCd><RltdPties><Dbtr><Nm>Kuster, Timo Elias</Nm><PstlAdr><StrtNm>Sulgeneckstrasse</StrtNm><BldgNb>36</BldgNb><PstCd>3007</PstCd><TwnNm>Bern</TwnNm><Ctry>CH</Ctry></PstlAdr></Dbtr><DbtrAcct><Id><IBAN>CH0709000000156969591</IBAN></Id></DbtrAcct><CdtrAcct><Id><IBAN>CH9209000000414939852</IBAN></Id></CdtrAcct></RltdPties><RltdAgts><DbtrAgt><FinInstnId><BICFI>POFICHBEXXX</BICFI><Nm>POSTFINANCE AG</Nm><PstlAdr><AdrLine>MINGERSTRASSE , 20</AdrLine><AdrLine>3030 BERN</AdrLine></PstlAdr></FinInstnId></DbtrAgt></RltdAgts><RmtInf><Ustrd>Die Zahlung für die Bestellnummer 9</Ustrd><Ustrd>217.</Ustrd><Strd><AddtlRmtInf>?REJECT?0</AddtlRmtInf><AddtlRmtInf>?ERROR?000</AddtlRmtInf></Strd></RmtInf><RltdDts><AccptncDtTm>2022-07-26T20:00:00</AccptncDtTm></RltdDts></TxDtls></NtryDtls><AddtlNtryInf>GUTSCHRIFT CH0709000000156969591 ABSENDER: Kuster, Timo Elias Sulgeneckstrasse 36 3007 Bern MITTEILUNGEN: Die Zahlung für die Bestellnummer 9 217.</AddtlNtryInf></Ntry><Ntry><Amt Ccy="CHF">59.90</Amt><CdtDbtInd>CRDT</CdtDbtInd><RvslInd>false</RvslInd><Sts>BOOK</Sts><BookgDt><Dt>2022-07-26</Dt></BookgDt><ValDt><Dt>2022-07-26</Dt></ValDt><AcctSvcrRef>207220108ZQHIS0K</AcctSvcrRef><BkTxCd><Domn><Cd>PMNT</Cd><Fmly><Cd>RCDT</Cd><SubFmlyCd>ATXN</SubFmlyCd></Fmly></Domn></BkTxCd><NtryDtls><Btch><NbOfTxs>1</NbOfTxs></Btch><TxDtls><Refs><AcctSvcrRef>220726CH08ZQHIS0</AcctSvcrRef><InstrId>9961206TO7770290</InstrId><EndToEndId>NOTPROVIDED</EndToEndId><Prtry><Tp>00</Tp><Ref>220726CH08ZQHIS0</Ref></Prtry></Refs><Amt Ccy="CHF">59.90</Amt><CdtDbtInd>CRDT</CdtDbtInd><BkTxCd><Domn><Cd>PMNT</Cd><Fmly><Cd>RCDT</Cd><SubFmlyCd>ATXN</SubFmlyCd></Fmly></Domn></BkTxCd><RltdPties><Dbtr><Nm>GIORGIO TRANCHINA</Nm><PstlAdr><AdrLine>ST. LAURENTIUSSTRASSE 16 CH 4613 RI</AdrLine><AdrLine>CKENBACH SO</AdrLine></PstlAdr></Dbtr><DbtrAcct><Id><IBAN>CH080026126137591340M</IBAN></Id></DbtrAcct><CdtrAcct><Id><IBAN>CH9209000000414939852</IBAN></Id></CdtrAcct></RltdPties><RltdAgts><DbtrAgt><FinInstnId><ClrSysMmbId><MmbId>261</MmbId></ClrSysMmbId><Nm>UBS Switzerland AG</Nm><PstlAdr><AdrLine>Froburgstrasse 17</AdrLine><AdrLine>4600 Olten</AdrLine></PstlAdr></FinInstnId></DbtrAgt></RltdAgts><RmtInf><Ustrd>RECHNUNG RE 83875 </Ustrd><Strd><AddtlRmtInf>?REJECT?0</AddtlRmtInf><AddtlRmtInf>?ERROR?000</AddtlRmtInf></Strd></RmtInf><RltdDts><AccptncDtTm>2022-07-26T20:00:00</AccptncDtTm></RltdDts></TxDtls></NtryDtls><AddtlNtryInf>GUTSCHRIFT AUFTRAGGEBER: GIORGIO TRANCHINA ST. LAURENTIUSSTRASSE 16 CH 4613 RI CKENBACH SO MITTEILUNGEN: RECHNUNG RE 83875  SPESENBETRAG 0.00 CHF SHA REFERENZEN: NOTPROVIDED 9961206TO7770290 220726CH08ZQHIS0</AddtlNtryInf></Ntry><Ntry><Amt Ccy="CHF">859.00</Amt><CdtDbtInd>CRDT</CdtDbtInd><RvslInd>false</RvslInd><Sts>BOOK</Sts><BookgDt><Dt>2022-07-26</Dt></BookgDt><ValDt><Dt>2022-07-26</Dt></ValDt><AcctSvcrRef>207220108ZQJPPVK</AcctSvcrRef><BkTxCd><Domn><Cd>PMNT</Cd><Fmly><Cd>RCDT</Cd><SubFmlyCd>ATXN</SubFmlyCd></Fmly></Domn></BkTxCd><NtryDtls><Btch><NbOfTxs>1</NbOfTxs></Btch><TxDtls><Refs><AcctSvcrRef>220726CH08ZQJPPV</AcctSvcrRef><InstrId>9954206TO7722029</InstrId><EndToEndId>NOTPROVIDED</EndToEndId><Prtry><Tp>00</Tp><Ref>220726CH08ZQJPPV</Ref></Prtry></Refs><Amt Ccy="CHF">859.00</Amt><CdtDbtInd>CRDT</CdtDbtInd><BkTxCd><Domn><Cd>PMNT</Cd><Fmly><Cd>RCDT</Cd><SubFmlyCd>ATXN</SubFmlyCd></Fmly></Domn></BkTxCd><RltdPties><Dbtr><Nm>CORNELIA MERIAN</Nm><PstlAdr><AdrLine>TOESSFELDSTRASSE 21 CH 8400 WINTERT</AdrLine><AdrLine>HUR</AdrLine></PstlAdr></Dbtr><DbtrAcct><Id><IBAN>CH1600254254L02076051</IBAN></Id></DbtrAcct><CdtrAcct><Id><IBAN>CH9209000000414939852</IBAN></Id></CdtrAcct></RltdPties><RltdAgts><DbtrAgt><FinInstnId><ClrSysMmbId><MmbId>254</MmbId></ClrSysMmbId><Nm>UBS Switzerland AG</Nm><PstlAdr><AdrLine>Am Bahnhofplatz</AdrLine><AdrLine>9001 St. Gallen</AdrLine></PstlAdr></FinInstnId></DbtrAgt></RltdAgts><RmtInf><Strd><AddtlRmtInf>?REJECT?0</AddtlRmtInf><AddtlRmtInf>?ERROR?000</AddtlRmtInf></Strd></RmtInf><RltdDts><AccptncDtTm>2022-07-26T20:00:00</AccptncDtTm></RltdDts></TxDtls></NtryDtls><AddtlNtryInf>GUTSCHRIFT AUFTRAGGEBER: CORNELIA MERIAN TOESSFELDSTRASSE 21 CH 8400 WINTERT HUR SPESENBETRAG 0.00 CHF SHA REFERENZEN: NOTPROVIDED 9954206TO7722029 220726CH08ZQJPPV</AddtlNtryInf></Ntry><Ntry><Amt Ccy="CHF">3616.85</Amt><CdtDbtInd>CRDT</CdtDbtInd><RvslInd>false</RvslInd><Sts>BOOK</Sts><BookgDt><Dt>2022-07-26</Dt></BookgDt><ValDt><Dt>2022-07-26</Dt></ValDt><AcctSvcrRef>207220008ZDFB91K</AcctSvcrRef><BkTxCd><Domn><Cd>PMNT</Cd><Fmly><Cd>RCDT</Cd><SubFmlyCd>AUTT</SubFmlyCd></Fmly></Domn></BkTxCd><NtryDtls><Btch><NbOfTxs>1</NbOfTxs></Btch><TxDtls><Refs><MsgId>TWINT20220722-101-Merchant</MsgId><AcctSvcrRef>220723CH08ZDFB91</AcctSvcrRef><PmtInfId>TWINT20220722-101-Merchant-B1</PmtInfId><InstrId>9e1cae44385d45b1af4abbd78eac82c2</InstrId><EndToEndId>TWINT20220722-101-Merchant-B1</EndToEndId><Prtry><Tp>00</Tp><Ref>220723CH08ZDFB91</Ref></Prtry></Refs><Amt Ccy="CHF">3616.85</Amt><CdtDbtInd>CRDT</CdtDbtInd><BkTxCd><Domn><Cd>PMNT</Cd><Fmly><Cd>RCDT</Cd><SubFmlyCd>AUTT</SubFmlyCd></Fmly></Domn></BkTxCd><RltdPties><Dbtr><Nm>TWINT Acquiring AG</Nm><PstlAdr><StrtNm>Stauffacherstrasse</StrtNm><BldgNb>41</BldgNb><PstCd>8004</PstCd><TwnNm>Zürich</TwnNm><Ctry>CH</Ctry></PstlAdr></Dbtr><DbtrAcct><Id><IBAN>CH6609000000313087410</IBAN></Id></DbtrAcct><CdtrAcct><Id><IBAN>CH9209000000414939852</IBAN></Id></CdtrAcct></RltdPties><RltdAgts><DbtrAgt><FinInstnId><BICFI>POFICHBEXXX</BICFI><Nm>POSTFINANCE AG</Nm><PstlAdr><AdrLine>MINGERSTRASSE , 20</AdrLine><AdrLine>3030 BERN</AdrLine></PstlAdr></FinInstnId></DbtrAgt></RltdAgts><RmtInf><Ustrd>999999 TWINT TWINT Auszahlungen Pay</Ustrd><Ustrd>out 20220723                       </Ustrd><Ustrd>   Gross: 3664.50 Fees: -47.65</Ustrd><Strd><AddtlRmtInf>?REJECT?0</AddtlRmtInf><AddtlRmtInf>?ERROR?000</AddtlRmtInf></Strd></RmtInf><RltdDts><AccptncDtTm>2022-07-25T20:00:00</AccptncDtTm></RltdDts></TxDtls></NtryDtls><AddtlNtryInf>GUTSCHRIFT CH6609000000313087410 ABSENDER: TWINT Acquiring AG Stauffacherstrasse 41 8004 Zürich MITTEILUNGEN: 999999 TWINT TWINT Auszahlungen Pay out 20220723                           Gross: 3664.50 Fees: -47.65 REFERENZEN: TWINT20220722-101-Merchant-B1</AddtlNtryInf></Ntry><Ntry><Amt Ccy="CHF">1146.97</Amt><CdtDbtInd>CRDT</CdtDbtInd><RvslInd>false</RvslInd><Sts>BOOK</Sts><BookgDt><Dt>2022-07-26</Dt></BookgDt><ValDt><Dt>2022-07-26</Dt></ValDt><AcctSvcrRef>207220008ZEMI4WK</AcctSvcrRef><BkTxCd><Domn><Cd>PMNT</Cd><Fmly><Cd>RCDT</Cd><SubFmlyCd>AUTT</SubFmlyCd></Fmly></Domn></BkTxCd><NtryDtls><Btch><NbOfTxs>1</NbOfTxs></Btch><TxDtls><Refs><MsgId>TWINT20220723-101-Merchant</MsgId><AcctSvcrRef>220724CH08ZEMI4W</AcctSvcrRef><PmtInfId>TWINT20220723-101-Merchant-B1</PmtInfId><InstrId>255629ad588b4154aefb3bd2b2177308</InstrId><EndToEndId>TWINT20220723-101-Merchant-B1</EndToEndId><Prtry><Tp>00</Tp><Ref>220724CH08ZEMI4W</Ref></Prtry></Refs><Amt Ccy="CHF">1146.97</Amt><CdtDbtInd>CRDT</CdtDbtInd><BkTxCd><Domn><Cd>PMNT</Cd><Fmly><Cd>RCDT</Cd><SubFmlyCd>AUTT</SubFmlyCd></Fmly></Domn></BkTxCd><RltdPties><Dbtr><Nm>TWINT Acquiring AG</Nm><PstlAdr><StrtNm>Stauffacherstrasse</StrtNm><BldgNb>41</BldgNb><PstCd>8004</PstCd><TwnNm>Zürich</TwnNm><Ctry>CH</Ctry></PstlAdr></Dbtr><DbtrAcct><Id><IBAN>CH6609000000313087410</IBAN></Id></DbtrAcct><CdtrAcct><Id><IBAN>CH9209000000414939852</IBAN></Id></CdtrAcct></RltdPties><RltdAgts><DbtrAgt><FinInstnId><BICFI>POFICHBEXXX</BICFI><Nm>POSTFINANCE AG</Nm><PstlAdr><AdrLine>MINGERSTRASSE , 20</AdrLine><AdrLine>3030 BERN</AdrLine></PstlAdr></FinInstnId></DbtrAgt></RltdAgts><RmtInf><Ustrd>999999 TWINT TWINT Auszahlungen Pay</Ustrd><Ustrd>out 20220724                       </Ustrd><Ustrd>   Gross: 1162.10 Fees: -15.13</Ustrd><Strd><AddtlRmtInf>?REJECT?0</AddtlRmtInf><AddtlRmtInf>?ERROR?000</AddtlRmtInf></Strd></RmtInf><RltdDts><AccptncDtTm>2022-07-25T20:00:00</AccptncDtTm></RltdDts></TxDtls></NtryDtls><AddtlNtryInf>GUTSCHRIFT CH6609000000313087410 ABSENDER: TWINT Acquiring AG Stauffacherstrasse 41 8004 Zürich MITTEILUNGEN: 999999 TWINT TWINT Auszahlungen Pay out 20220724                           Gross: 1162.10 Fees: -15.13 REFERENZEN: TWINT20220723-101-Merchant-B1</AddtlNtryInf></Ntry><Ntry><Amt Ccy="CHF">59.90</Amt><CdtDbtInd>CRDT</CdtDbtInd><RvslInd>false</RvslInd><Sts>BOOK</Sts><BookgDt><Dt>2022-07-26</Dt></BookgDt><ValDt><Dt>2022-07-26</Dt></ValDt><AcctSvcrRef>207220108ZR23BDK</AcctSvcrRef><BkTxCd><Domn><Cd>PMNT</Cd><Fmly><Cd>RCDT</Cd><SubFmlyCd>ATXN</SubFmlyCd></Fmly></Domn></BkTxCd><NtryDtls><Btch><NbOfTxs>1</NbOfTxs></Btch><TxDtls><Refs><AcctSvcrRef>220726CH08ZR23BD</AcctSvcrRef><InstrId>1101557175/1XXXX</InstrId><EndToEndId>NOTPROVIDED</EndToEndId><Prtry><Tp>00</Tp><Ref>220726CH08ZR23BD</Ref></Prtry></Refs><Amt Ccy="CHF">59.90</Amt><CdtDbtInd>CRDT</CdtDbtInd><BkTxCd><Domn><Cd>PMNT</Cd><Fmly><Cd>RCDT</Cd><SubFmlyCd>ATXN</SubFmlyCd></Fmly></Domn></BkTxCd><RltdPties><Dbtr><Nm>Barbara Senn</Nm><PstlAdr><AdrLine>Rebbergstrasse 16</AdrLine><AdrLine>CH-5108 Oberflachs</AdrLine></PstlAdr></Dbtr><DbtrAcct><Id><IBAN>CH2300761016093188534</IBAN></Id></DbtrAcct><CdtrAcct><Id><IBAN>CH9209000000414939852</IBAN></Id></CdtrAcct></RltdPties><RltdAgts><DbtrAgt><FinInstnId><ClrSysMmbId><MmbId>761</MmbId></ClrSysMmbId><Nm>Aargauische Kantonalbank</Nm><PstlAdr><AdrLine>Bahnhofplatz 1</AdrLine><AdrLine>5001 Aarau</AdrLine></PstlAdr></FinInstnId></DbtrAgt></RltdAgts><RmtInf><Ustrd>RG RE-89553</Ustrd><Strd><AddtlRmtInf>?REJECT?0</AddtlRmtInf><AddtlRmtInf>?ERROR?000</AddtlRmtInf></Strd></RmtInf><RltdDts><AccptncDtTm>2022-07-26T20:00:00</AccptncDtTm></RltdDts></TxDtls></NtryDtls><AddtlNtryInf>GUTSCHRIFT AUFTRAGGEBER: Barbara Senn Rebbergstrasse 16 CH-5108 Oberflachs MITTEILUNGEN: RG RE-89553 REFERENZEN: NOTPROVIDED 1101557175/1XXXX 220726CH08ZR23BD</AddtlNtryInf></Ntry><Ntry><Amt Ccy="CHF">988.00</Amt><CdtDbtInd>CRDT</CdtDbtInd><RvslInd>false</RvslInd><Sts>BOOK</Sts><BookgDt><Dt>2022-07-26</Dt></BookgDt><ValDt><Dt>2022-07-26</Dt></ValDt><AcctSvcrRef>207220108ZRBZTZK</AcctSvcrRef><BkTxCd><Domn><Cd>PMNT</Cd><Fmly><Cd>RCDT</Cd><SubFmlyCd>ATXN</SubFmlyCd></Fmly></Domn></BkTxCd><NtryDtls><Btch><NbOfTxs>1</NbOfTxs></Btch><TxDtls><Refs><AcctSvcrRef>220726CH08ZRBZTZ</AcctSvcrRef><InstrId>20725116115.0001</InstrId><EndToEndId>NOTPROVIDED</EndToEndId><Prtry><Tp>00</Tp><Ref>220726CH08ZRBZTZ</Ref></Prtry></Refs><Amt Ccy="CHF">988.00</Amt><CdtDbtInd>CRDT</CdtDbtInd><BkTxCd><Domn><Cd>PMNT</Cd><Fmly><Cd>RCDT</Cd><SubFmlyCd>ATXN</SubFmlyCd></Fmly></Domn></BkTxCd><RltdPties><Dbtr><Nm>Marco Petrig</Nm><PstlAdr><AdrLine>Kornhausstrasse 39</AdrLine><AdrLine>8840 Einsiedeln</AdrLine></PstlAdr></Dbtr><DbtrAcct><Id><IBAN>CH4600777003088507512</IBAN></Id></DbtrAcct><CdtrAcct><Id><IBAN>CH9209000000414939852</IBAN></Id></CdtrAcct></RltdPties><RltdAgts><DbtrAgt><FinInstnId><ClrSysMmbId><MmbId>777</MmbId></ClrSysMmbId><Nm>Schwyzer Kantonalbank</Nm><PstlAdr><AdrLine>Bahnhofstrasse 3</AdrLine><AdrLine>6431 Schwyz</AdrLine></PstlAdr></FinInstnId></DbtrAgt></RltdAgts><RmtInf><Strd><AddtlRmtInf>?REJECT?0</AddtlRmtInf><AddtlRmtInf>?ERROR?000</AddtlRmtInf></Strd></RmtInf><RltdDts><AccptncDtTm>2022-07-26T20:00:00</AccptncDtTm></RltdDts></TxDtls></NtryDtls><AddtlNtryInf>GUTSCHRIFT AUFTRAGGEBER: Marco Petrig Kornhausstrasse 39 8840 Einsiedeln REFERENZEN: NOTPROVIDED 20725116115.0001 220726CH08ZRBZTZ</AddtlNtryInf></Ntry><Ntry><Amt Ccy="CHF">804.66</Amt><CdtDbtInd>CRDT</CdtDbtInd><RvslInd>false</RvslInd><Sts>BOOK</Sts><BookgDt><Dt>2022-07-26</Dt></BookgDt><ValDt><Dt>2022-07-26</Dt></ValDt><AcctSvcrRef>207220108ZS1DCZK</AcctSvcrRef><BkTxCd><Domn><Cd>PMNT</Cd><Fmly><Cd>RCDT</Cd><SubFmlyCd>ATXN</SubFmlyCd></Fmly></Domn></BkTxCd><NtryDtls><Btch><NbOfTxs>1</NbOfTxs></Btch><TxDtls><Refs><AcctSvcrRef>220726CH08ZS1DCZ</AcctSvcrRef><InstrId>LON03238670139</InstrId><EndToEndId>NOTPROVIDED</EndToEndId><Prtry><Tp>00</Tp><Ref>220726CH08ZS1DCZ</Ref></Prtry></Refs><Amt Ccy="CHF">804.66</Amt><CdtDbtInd>CRDT</CdtDbtInd><BkTxCd><Domn><Cd>PMNT</Cd><Fmly><Cd>RCDT</Cd><SubFmlyCd>ATXN</SubFmlyCd></Fmly></Domn></BkTxCd><RltdPties><Dbtr><Nm>STRIPE PAYMENTS UK LTD</Nm><PstlAdr><AdrLine>9TH FLOOR, 107 CHEAPSIDE GB - LONDO</AdrLine><AdrLine>N EC2V 6DN</AdrLine></PstlAdr></Dbtr><DbtrAcct><Id><IBAN>DK6289000000010375</IBAN></Id></DbtrAcct><CdtrAcct><Id><IBAN>CH9209000000414939852</IBAN></Id></CdtrAcct></RltdPties><RltdAgts><DbtrAgt><FinInstnId><BICFI>CITIGB2LXXX</BICFI><Nm>CITIBANK N.A.</Nm><PstlAdr><AdrLine>CITIBANK CENTRE25 CANADA SQUARE</AdrLine><AdrLine>E14 5LB LONDON</AdrLine></PstlAdr></FinInstnId></DbtrAgt></RltdAgts><RmtInf><Ustrd>STRIPE H3P8T5</Ustrd><Strd><AddtlRmtInf>?REJECT?0</AddtlRmtInf><AddtlRmtInf>?ERROR?000</AddtlRmtInf></Strd></RmtInf><RltdDts><AccptncDtTm>2022-07-26T20:00:00</AccptncDtTm></RltdDts></TxDtls></NtryDtls><AddtlNtryInf>GUTSCHRIFT AUFTRAGGEBER: STRIPE PAYMENTS UK LTD 9TH FLOOR, 107 CHEAPSIDE GB - LONDO N EC2V 6DN MITTEILUNGEN: STRIPE H3P8T5 SPESENBETRAG 0.00 CHF SHA REFERENZEN: NOTPROVIDED LON03238670139 220726CH08ZS1DCZ</AddtlNtryInf></Ntry><Ntry><Amt Ccy="CHF">3100.75</Amt><CdtDbtInd>CRDT</CdtDbtInd><RvslInd>false</RvslInd><Sts>BOOK</Sts><BookgDt><Dt>2022-07-26</Dt></BookgDt><ValDt><Dt>2022-07-26</Dt></ValDt><AcctSvcrRef>207220008ZHCCB9K</AcctSvcrRef><BkTxCd><Domn><Cd>PMNT</Cd><Fmly><Cd>RCDT</Cd><SubFmlyCd>AUTT</SubFmlyCd></Fmly></Domn></BkTxCd><NtryDtls><Btch><NbOfTxs>1</NbOfTxs></Btch><TxDtls><Refs><MsgId>TWINT20220724-101-Merchant</MsgId><AcctSvcrRef>220725CH08ZHCCB9</AcctSvcrRef><PmtInfId>TWINT20220724-101-Merchant-B1</PmtInfId><InstrId>2cff071af42e4c0baebfc25f17e2f8ac</InstrId><EndToEndId>TWINT20220724-101-Merchant-B1</EndToEndId><Prtry><Tp>00</Tp><Ref>220725CH08ZHCCB9</Ref></Prtry></Refs><Amt Ccy="CHF">3100.75</Amt><CdtDbtInd>CRDT</CdtDbtInd><BkTxCd><Domn><Cd>PMNT</Cd><Fmly><Cd>RCDT</Cd><SubFmlyCd>AUTT</SubFmlyCd></Fmly></Domn></BkTxCd><RltdPties><Dbtr><Nm>TWINT Acquiring AG</Nm><PstlAdr><StrtNm>Stauffacherstrasse</StrtNm><BldgNb>41</BldgNb><PstCd>8004</PstCd><TwnNm>Zürich</TwnNm><Ctry>CH</Ctry></PstlAdr></Dbtr><DbtrAcct><Id><IBAN>CH6609000000313087410</IBAN></Id></DbtrAcct><CdtrAcct><Id><IBAN>CH9209000000414939852</IBAN></Id></CdtrAcct></RltdPties><RltdAgts><DbtrAgt><FinInstnId><BICFI>POFICHBEXXX</BICFI><Nm>POSTFINANCE AG</Nm><PstlAdr><AdrLine>MINGERSTRASSE , 20</AdrLine><AdrLine>3030 BERN</AdrLine></PstlAdr></FinInstnId></DbtrAgt></RltdAgts><RmtInf><Ustrd>999999 TWINT TWINT Auszahlungen Pay</Ustrd><Ustrd>out 20220725                       </Ustrd><Ustrd>   Gross: 3141.60 Fees: -40.85</Ustrd><Strd><AddtlRmtInf>?REJECT?0</AddtlRmtInf><AddtlRmtInf>?ERROR?000</AddtlRmtInf></Strd></RmtInf><RltdDts><AccptncDtTm>2022-07-26T20:00:00</AccptncDtTm></RltdDts></TxDtls></NtryDtls><AddtlNtryInf>GUTSCHRIFT CH6609000000313087410 ABSENDER: TWINT Acquiring AG Stauffacherstrasse 41 8004 Zürich MITTEILUNGEN: 999999 TWINT TWINT Auszahlungen Pay out 20220725                           Gross: 3141.60 Fees: -40.85 REFERENZEN: TWINT20220724-101-Merchant-B1</AddtlNtryInf></Ntry><Ntry><Amt Ccy="CHF">550.00</Amt><CdtDbtInd>DBIT</CdtDbtInd><RvslInd>false</RvslInd><Sts>BOOK</Sts><BookgDt><Dt>2022-07-26</Dt></BookgDt><ValDt><Dt>2022-07-26</Dt></ValDt><AcctSvcrRef>207220008ZPOALTK</AcctSvcrRef><BkTxCd><Domn><Cd>PMNT</Cd><Fmly><Cd>ICDT</Cd><SubFmlyCd>DMCT</SubFmlyCd></Fmly></Domn></BkTxCd><Chrgs><TtlChrgsAndTaxAmt Ccy="CHF">5.00</TtlChrgsAndTaxAmt><Rcrd><Amt Ccy="CHF">5.00</Amt><CdtDbtInd>DBIT</CdtDbtInd><ChrgInclInd>false</ChrgInclInd><Tp><Prtry><Id>20</Id></Prtry></Tp></Rcrd></Chrgs><NtryDtls><TxDtls><Refs><AcctSvcrRef>25-629361396-1</AcctSvcrRef><PmtInfId>25:629361396</PmtInfId><InstrId>20220726000800439581444</InstrId></Refs><Amt Ccy="CHF">550.00</Amt><CdtDbtInd>DBIT</CdtDbtInd><BkTxCd><Domn><Cd>PMNT</Cd><Fmly><Cd>ICDT</Cd><SubFmlyCd>DMCT</SubFmlyCd></Fmly></Domn></BkTxCd><RltdPties><Cdtr><Nm>Eidgenössisches Institut für Geistiges Eigentum</Nm><PstlAdr><StrtNm>Stauffacherstrasse 65/59g</StrtNm><PstCd>3003</PstCd><TwnNm>Bern</TwnNm><Ctry>CH</Ctry></PstlAdr></Cdtr><CdtrAcct><Id><IBAN>CH2531000146276901000</IBAN></Id></CdtrAcct></RltdPties><RltdAgts><CdtrAgt><FinInstnId><BICFI>CRESCHZZ80A</BICFI><Nm>Credit Suisse (Schweiz) AG</Nm><PstlAdr><Ctry>CH</Ctry><AdrLine>Paradeplatz 8 8070 Zürich</AdrLine></PstlAdr></FinInstnId></CdtrAgt></RltdAgts><RmtInf><Strd><CdtrRefInf><Tp><CdOrPrtry><Prtry>QRR</Prtry></CdOrPrtry></Tp><Ref>974155004288020500004219202</Ref></CdtrRefInf><AddtlRmtInf>Standable CH markeneintragung</AddtlRmtInf></Strd></RmtInf></TxDtls></NtryDtls><AddtlNtryInf>EXPRESS LASTSCHRIFT Credit Suisse (Schweiz) AG Paradeplatz 8 8070 Zürich CH2531000146276901000 Eidgenössisches Institut für Geisti ges Eigentum Stauffacherstrasse 65/59g 3003 Bern SENDER REFERENZ: Standable CH markeneintragung 20220726000800439581444</AddtlNtryInf></Ntry><Ntry><NtryRef>CH4330000001414939852</NtryRef><Amt Ccy="CHF">8340.90</Amt><CdtDbtInd>CRDT</CdtDbtInd><RvslInd>false</RvslInd><Sts>BOOK</Sts><BookgDt><Dt>2022-07-26</Dt></BookgDt><ValDt><Dt>2022-07-26</Dt></ValDt><AcctSvcrRef>207220008ZWTQ3SU</AcctSvcrRef><BkTxCd><Domn><Cd>PMNT</Cd><Fmly><Cd>RCDT</Cd><SubFmlyCd>VCOM</SubFmlyCd></Fmly></Domn></BkTxCd><Chrgs><TtlChrgsAndTaxAmt Ccy="CHF">3.20</TtlChrgsAndTaxAmt><Rcrd><Amt Ccy="CHF">3.20</Amt><CdtDbtInd>DBIT</CdtDbtInd><ChrgInclInd>false</ChrgInclInd><Tp><Prtry><Id>2</Id></Prtry></Tp></Rcrd></Chrgs><NtryDtls><TxDtls><Refs><AcctSvcrRef>207220008ZWTQ3SU</AcctSvcrRef></Refs><Amt Ccy="CHF">8340.90</Amt><CdtDbtInd>CRDT</CdtDbtInd></TxDtls></NtryDtls><AddtlNtryInf>SAMMELGUTSCHRIFT FÜR KONTO: CH4330000001414939852 VERARBEITUNG VOM 26.07.2022 PAKET ID: 220726CH0000080W</AddtlNtryInf></Ntry><Ntry><Amt Ccy="CHF">79.90</Amt><CdtDbtInd>CRDT</CdtDbtInd><RvslInd>false</RvslInd><Sts>BOOK</Sts><BookgDt><Dt>2022-07-26</Dt></BookgDt><ValDt><Dt>2022-07-26</Dt></ValDt><AcctSvcrRef>2072400143660641</AcctSvcrRef><BkTxCd><Domn><Cd>PMNT</Cd><Fmly><Cd>MCRD</Cd><SubFmlyCd>POSP</SubFmlyCd></Fmly></Domn></BkTxCd><NtryDtls><TxDtls><Refs><AcctSvcrRef>2072400143660641</AcctSvcrRef></Refs><Amt Ccy="CHF">79.90</Amt><CdtDbtInd>CRDT</CdtDbtInd></TxDtls></NtryDtls><AddtlNtryInf>GUTSCHRIFT E-PAYMENT-TRANSAKTIONEN POSTFINANCE CARD EINLIEFERUNG VOM 25.07.2022 eversmart products Handels GmbH PFAQ08UJ0000001 www.bruxima.ch</AddtlNtryInf></Ntry><Ntry><Amt Ccy="CHF">79.90</Amt><CdtDbtInd>CRDT</CdtDbtInd><RvslInd>false</RvslInd><Sts>BOOK</Sts><BookgDt><Dt>2022-07-26</Dt></BookgDt><ValDt><Dt>2022-07-26</Dt></ValDt><AcctSvcrRef>2072400143660615</AcctSvcrRef><BkTxCd><Domn><Cd>PMNT</Cd><Fmly><Cd>MCRD</Cd><SubFmlyCd>POSP</SubFmlyCd></Fmly></Domn></BkTxCd><NtryDtls><TxDtls><Refs><AcctSvcrRef>2072400143660615</AcctSvcrRef></Refs><Amt Ccy="CHF">79.90</Amt><CdtDbtInd>CRDT</CdtDbtInd></TxDtls></NtryDtls><AddtlNtryInf>GUTSCHRIFT E-PAYMENT-TRANSAKTIONEN POSTFINANCE CARD EINLIEFERUNG VOM 25.07.2022 eversmart products Handels GmbH PFAQ08UA0000001 www.air-hallux.ch</AddtlNtryInf></Ntry><Ntry><Amt Ccy="CHF">59.90</Amt><CdtDbtInd>CRDT</CdtDbtInd><RvslInd>false</RvslInd><Sts>BOOK</Sts><BookgDt><Dt>2022-07-26</Dt></BookgDt><ValDt><Dt>2022-07-26</Dt></ValDt><AcctSvcrRef>2072400143660591</AcctSvcrRef><BkTxCd><Domn><Cd>PMNT</Cd><Fmly><Cd>MCRD</Cd><SubFmlyCd>POSP</SubFmlyCd></Fmly></Domn></BkTxCd><NtryDtls><TxDtls><Refs><AcctSvcrRef>2072400143660591</AcctSvcrRef></Refs><Amt Ccy="CHF">59.90</Amt><CdtDbtInd>CRDT</CdtDbtInd></TxDtls></NtryDtls><AddtlNtryInf>GUTSCHRIFT E-PAYMENT-TRANSAKTIONEN POSTFINANCE CARD EINLIEFERUNG VOM 25.07.2022 eversmart products Handels GmbH PFAQ08S00000001 www.loewenhaar.ch</AddtlNtryInf></Ntry></Stmt></BkToCstmrStmt></Document>
