<?xml version="1.0" encoding="UTF-8"?>
<Document xmlns="urn:iso:std:iso:20022:tech:xsd:camt.054.001.04" xmlns:xsi="http://www.w3.org/2001/XMLSchema-instance" xsi:schemaLocation="urn:iso:std:iso:20022:tech:xsd:camt.054.001.04 camt.054.001.04.xsd"><BkToCstmrDbtCdtNtfctn><GrpHdr><MsgId>20221107375204969841198</MsgId><CreDtTm>2022-11-07T23:40:17</CreDtTm><MsgPgntn><PgNb>1</PgNb><LastPgInd>true</LastPgInd></MsgPgntn><AddtlInf>SPS/1.7/PROD</AddtlInf></GrpHdr><Ntfctn><Id>20221107375204969841203</Id><CreDtTm>2022-11-07T23:40:17</CreDtTm><FrToDt><FrDtTm>2022-11-05T00:00:00</FrDtTm><ToDtTm>2022-11-07T23:59:59</ToDtTm></FrToDt><RptgSrc><Prtry>OTHR</Prtry></RptgSrc><Acct><Id><IBAN>CH9209000000414939852</IBAN></Id><Ownr><Nm>eversmart products Handels GmbH Pfäffikon SZ</Nm></Ownr></Acct><Ntry><NtryRef>CH9530000002414939852</NtryRef><Amt Ccy="CHF">295.20</Amt><CdtDbtInd>CRDT</CdtDbtInd><RvslInd>false</RvslInd><Sts>BOOK</Sts><BookgDt><Dt>2022-11-07</Dt></BookgDt><ValDt><Dt>2022-11-07</Dt></ValDt><AcctSvcrRef>311220009FUJ8SQU</AcctSvcrRef><BkTxCd><Domn><Cd>PMNT</Cd><Fmly><Cd>RCDT</Cd><SubFmlyCd>VCOM</SubFmlyCd></Fmly></Domn></BkTxCd><NtryDtls><Btch><NbOfTxs>6</NbOfTxs></Btch><TxDtls><Refs><AcctSvcrRef>221104CH09FGERYR</AcctSvcrRef><InstrId>20221104000800206276707</InstrId><Prtry><Tp>00</Tp><Ref>20221107375204658232301</Ref></Prtry></Refs><Amt Ccy="CHF">69.80</Amt><CdtDbtInd>CRDT</CdtDbtInd><BkTxCd><Domn><Cd>PMNT</Cd><Fmly><Cd>RCDT</Cd><SubFmlyCd>AUTT</SubFmlyCd></Fmly></Domn></BkTxCd><RltdPties><Dbtr><Nm>Conese Michele</Nm><PstlAdr><StrtNm>Eichhöhe</StrtNm><BldgNb>5</BldgNb><PstCd>8634</PstCd><TwnNm>Hombrechtikon</TwnNm><Ctry>CH</Ctry></PstlAdr></Dbtr><DbtrAcct><Id><IBAN>CH5209000000872890085</IBAN></Id></DbtrAcct><UltmtDbtr><Nm>Michele Conese</Nm><PstlAdr><StrtNm>Eichhöhe 5 5</StrtNm><PstCd>8634</PstCd><TwnNm>Hombrechtikon</TwnNm><Ctry>CH</Ctry></PstlAdr></UltmtDbtr><CdtrAcct><Id><IBAN>CH9530000002414939852</IBAN></Id></CdtrAcct></RltdPties><RltdAgts><DbtrAgt><FinInstnId><BICFI>POFICHBEXXX</BICFI><Nm>POSTFINANCE AG</Nm><PstlAdr><AdrLine>MINGERSTRASSE 20</AdrLine><AdrLine>3030 BERN</AdrLine></PstlAdr></FinInstnId></DbtrAgt></RltdAgts><RmtInf><Strd><CdtrRefInf><Tp><CdOrPrtry><Prtry>QRR</Prtry></CdOrPrtry></Tp><Ref>000000000000000000000006843</Ref></CdtrRefInf><AddtlRmtInf>?REJECT?0</AddtlRmtInf><AddtlRmtInf>?ERROR?000</AddtlRmtInf><AddtlRmtInf>7017</AddtlRmtInf></Strd></RmtInf><RltdDts><AccptncDtTm>2022-11-07T20:00:00</AccptncDtTm></RltdDts></TxDtls><TxDtls><Refs><AcctSvcrRef>221107CH09FODE2X</AcctSvcrRef><InstrId>17030999898/6XXX</InstrId><EndToEndId>NOTPROVIDED</EndToEndId><Prtry><Tp>00</Tp><Ref>20221107375204658326696</Ref></Prtry></Refs><Amt Ccy="CHF">72.50</Amt><CdtDbtInd>CRDT</CdtDbtInd><BkTxCd><Domn><Cd>PMNT</Cd><Fmly><Cd>RCDT</Cd><SubFmlyCd>ATXN</SubFmlyCd></Fmly></Domn></BkTxCd><RltdPties><Dbtr><Nm>Karin Schmid</Nm><PstlAdr><AdrLine>Ellboegliweg 3</AdrLine><AdrLine>6403 Kuessnacht am Rigi</AdrLine></PstlAdr></Dbtr><DbtrAcct><Id><IBAN>CH3780808006515858523</IBAN></Id></DbtrAcct><UltmtDbtr><Nm>Karin Schmid</Nm><PstlAdr><AdrLine>Ellbogliweg 3</AdrLine><AdrLine>6403 Kussnacht</AdrLine></PstlAdr></UltmtDbtr><CdtrAcct><Id><IBAN>CH9530000002414939852</IBAN></Id></CdtrAcct></RltdPties><RltdAgts><DbtrAgt><FinInstnId><ClrSysMmbId><MmbId>81351</MmbId></ClrSysMmbId><Nm>Raiffeisenbank Rigi</Nm><PstlAdr><AdrLine>Postplatz 5</AdrLine><AdrLine>6430 Schwyz</AdrLine></PstlAdr></FinInstnId></DbtrAgt></RltdAgts><RmtInf><Strd><CdtrRefInf><Tp><CdOrPrtry><Prtry>QRR</Prtry></CdOrPrtry></Tp><Ref>000000000000000000000006395</Ref></CdtrRefInf><AddtlRmtInf>?REJECT?0</AddtlRmtInf><AddtlRmtInf>?ERROR?000</AddtlRmtInf><AddtlRmtInf>3622</AddtlRmtInf></Strd></RmtInf><RltdDts><AccptncDtTm>2022-11-07T20:00:00</AccptncDtTm></RltdDts></TxDtls><TxDtls><Refs><AcctSvcrRef>221107CH09FOI8NE</AcctSvcrRef><InstrId>DNXA221105C04597</InstrId><EndToEndId>SP-10183589-0</EndToEndId><Prtry><Tp>00</Tp><Ref>20221107375204658306527</Ref></Prtry></Refs><Amt Ccy="CHF">30.30</Amt><CdtDbtInd>CRDT</CdtDbtInd><BkTxCd><Domn><Cd>PMNT</Cd><Fmly><Cd>RCDT</Cd><SubFmlyCd>ATXN</SubFmlyCd></Fmly></Domn></BkTxCd><RltdPties><Dbtr><Nm>Eva Maria Mejuto Matias</Nm><PstlAdr><StrtNm>Hagmattstrasse</StrtNm><BldgNb>15</BldgNb><PstCd>4632</PstCd><TwnNm>Trimbach</TwnNm><Ctry>CH</Ctry></PstlAdr></Dbtr><DbtrAcct><Id><IBAN>CH4104835171019600001</IBAN></Id></DbtrAcct><UltmtDbtr><Nm>Eva Maria Mejuto Matias</Nm><PstlAdr><AdrLine>Hagmattstrasse 15</AdrLine><AdrLine>4632 Trimbach</AdrLine></PstlAdr></UltmtDbtr><CdtrAcct><Id><IBAN>CH9530000002414939852</IBAN></Id></CdtrAcct></RltdPties><RltdAgts><DbtrAgt><FinInstnId><ClrSysMmbId><MmbId>4835</MmbId></ClrSysMmbId><Nm>Credit Suisse (Schweiz) AG</Nm><PstlAdr><AdrLine>Paradeplatz 8</AdrLine><AdrLine>8070 Zürich</AdrLine></PstlAdr></FinInstnId></DbtrAgt></RltdAgts><RmtInf><Strd><CdtrRefInf><Tp><CdOrPrtry><Prtry>QRR</Prtry></CdOrPrtry></Tp><Ref>000000000000000000000006276</Ref></CdtrRefInf><AddtlRmtInf>?REJECT?0</AddtlRmtInf><AddtlRmtInf>?ERROR?000</AddtlRmtInf><AddtlRmtInf>3614</AddtlRmtInf></Strd></RmtInf><RltdDts><AccptncDtTm>2022-11-07T20:00:00</AccptncDtTm></RltdDts></TxDtls><TxDtls><Refs><AcctSvcrRef>221107CH09FOPLDL</AcctSvcrRef><InstrId>07842654BF544725</InstrId><EndToEndId>541600000620381990</EndToEndId><Prtry><Tp>00</Tp><Ref>20221107375204658560448</Ref></Prtry></Refs><Amt Ccy="CHF">30.30</Amt><CdtDbtInd>CRDT</CdtDbtInd><BkTxCd><Domn><Cd>PMNT</Cd><Fmly><Cd>RCDT</Cd><SubFmlyCd>ATXN</SubFmlyCd></Fmly></Domn></BkTxCd><RltdPties><Dbtr><Nm>Nadine Ryter</Nm><PstlAdr><StrtNm>Untere Boenigstrasse</StrtNm><BldgNb>4A</BldgNb><PstCd>3800</PstCd><TwnNm>Interlaken</TwnNm><Ctry>CH</Ctry></PstlAdr></Dbtr><DbtrAcct><Id><IBAN>CH7500790042917916609</IBAN></Id></DbtrAcct><UltmtDbtr><Nm>Ryter Nadine</Nm><PstlAdr><StrtNm>Untereboenigstrasse</StrtNm><BldgNb>4A</BldgNb><PstCd>3800</PstCd><TwnNm>Interlaken</TwnNm><Ctry>CH</Ctry></PstlAdr></UltmtDbtr><CdtrAcct><Id><IBAN>CH9530000002414939852</IBAN></Id></CdtrAcct></RltdPties><RltdAgts><DbtrAgt><FinInstnId><ClrSysMmbId><MmbId>79030</MmbId></ClrSysMmbId><Nm>Berner Kantonalbank AG</Nm><PstlAdr><AdrLine>3700 Spiez</AdrLine></PstlAdr></FinInstnId></DbtrAgt></RltdAgts><RmtInf><Strd><CdtrRefInf><Tp><CdOrPrtry><Prtry>QRR</Prtry></CdOrPrtry></Tp><Ref>000000000000000000000006444</Ref></CdtrRefInf><AddtlRmtInf>?REJECT?0</AddtlRmtInf><AddtlRmtInf>?ERROR?000</AddtlRmtInf><AddtlRmtInf>3626</AddtlRmtInf></Strd></RmtInf><RltdDts><AccptncDtTm>2022-11-07T20:00:00</AccptncDtTm></RltdDts></TxDtls><TxDtls><Refs><AcctSvcrRef>221107CH09FPAW8U</AcctSvcrRef><InstrId>1200311TI2600614</InstrId><EndToEndId>NOTPROVIDED</EndToEndId><Prtry><Tp>00</Tp><Ref>20221107375204659078770</Ref></Prtry></Refs><Amt Ccy="CHF">59.90</Amt><CdtDbtInd>CRDT</CdtDbtInd><BkTxCd><Domn><Cd>PMNT</Cd><Fmly><Cd>RCDT</Cd><SubFmlyCd>ATXN</SubFmlyCd></Fmly></Domn></BkTxCd><RltdPties><Dbtr><Nm>DORIS RODER</Nm><PstlAdr><AdrLine>BIRKENSTRASSE 4 CH 8107 BUCHS ZH</AdrLine></PstlAdr></Dbtr><DbtrAcct><Id><IBAN>CH080027027081094840L</IBAN></Id></DbtrAcct><CdtrAcct><Id><IBAN>CH9530000002414939852</IBAN></Id></CdtrAcct></RltdPties><RltdAgts><DbtrAgt><FinInstnId><ClrSysMmbId><MmbId>270</MmbId></ClrSysMmbId><Nm>UBS Switzerland AG</Nm><PstlAdr><AdrLine>Wiedikon / Birmensdorferstrasse 123</AdrLine><AdrLine>8098 Zürich</AdrLine></PstlAdr></FinInstnId></DbtrAgt></RltdAgts><RmtInf><Strd><CdtrRefInf><Tp><CdOrPrtry><Prtry>QRR</Prtry></CdOrPrtry></Tp><Ref>000000000000000000000006917</Ref></CdtrRefInf><AddtlRmtInf>?REJECT?0</AddtlRmtInf><AddtlRmtInf>?ERROR?000</AddtlRmtInf><AddtlRmtInf>RE-00691</AddtlRmtInf></Strd></RmtInf><RltdDts><AccptncDtTm>2022-11-07T20:00:00</AccptncDtTm></RltdDts></TxDtls><TxDtls><Refs><AcctSvcrRef>221107CH09FPLVU6</AcctSvcrRef><InstrId>21105132174.0001</InstrId><EndToEndId>NOTPROVIDED</EndToEndId><Prtry><Tp>00</Tp><Ref>20221107375204659250650</Ref></Prtry></Refs><Amt Ccy="CHF">32.40</Amt><CdtDbtInd>CRDT</CdtDbtInd><BkTxCd><Domn><Cd>PMNT</Cd><Fmly><Cd>RCDT</Cd><SubFmlyCd>ATXN</SubFmlyCd></Fmly></Domn></BkTxCd><RltdPties><Dbtr><Nm>Francesca Labricciosa</Nm><PstlAdr><AdrLine>Allmigstrasse 4</AdrLine><AdrLine>6403 Kussnacht am Rigi</AdrLine></PstlAdr></Dbtr><DbtrAcct><Id><IBAN>CH4700777002608490093</IBAN></Id></DbtrAcct><CdtrAcct><Id><IBAN>CH9530000002414939852</IBAN></Id></CdtrAcct></RltdPties><RltdAgts><DbtrAgt><FinInstnId><ClrSysMmbId><MmbId>777</MmbId></ClrSysMmbId><Nm>Schwyzer Kantonalbank</Nm><PstlAdr><AdrLine>Bahnhofstrasse 3</AdrLine><AdrLine>6431 Schwyz</AdrLine></PstlAdr></FinInstnId></DbtrAgt></RltdAgts><RmtInf><Strd><CdtrRefInf><Tp><CdOrPrtry><Prtry>QRR</Prtry></CdOrPrtry></Tp><Ref>000000000000000000000006237</Ref></CdtrRefInf><AddtlRmtInf>?REJECT?0</AddtlRmtInf><AddtlRmtInf>?ERROR?000</AddtlRmtInf><AddtlRmtInf>3612</AddtlRmtInf></Strd></RmtInf><RltdDts><AccptncDtTm>2022-11-07T20:00:00</AccptncDtTm></RltdDts></TxDtls></NtryDtls><AddtlNtryInf>SAMMELGUTSCHRIFT FÜR KONTO: CH9530000002414939852 VERARBEITUNG VOM 07.11.2022 PAKET ID: 221107CH00000F2Q</AddtlNtryInf></Ntry></Ntfctn></BkToCstmrDbtCdtNtfctn></Document>
