<?xml version="1.0" encoding="UTF-8"?>
<Document xmlns="urn:iso:std:iso:20022:tech:xsd:camt.053.001.04" xmlns:xsi="http://www.w3.org/2001/XMLSchema-instance" xsi:schemaLocation="urn:iso:std:iso:20022:tech:xsd:camt.053.001.04 camt.053.001.04.xsd"><BkToCstmrStmt><GrpHdr><MsgId>20221014375204951589349</MsgId><CreDtTm>2022-10-15T01:33:08</CreDtTm><MsgPgntn><PgNb>1</PgNb><LastPgInd>true</LastPgInd></MsgPgntn><AddtlInf>SPS/1.7/PROD</AddtlInf></GrpHdr><Stmt><Id>20221014375204951589363</Id><ElctrncSeqNb>202</ElctrncSeqNb><CreDtTm>2022-10-15T01:33:08</CreDtTm><FrToDt><FrDtTm>2022-10-14T00:00:00</FrDtTm><ToDtTm>2022-10-14T23:59:59</ToDtTm></FrToDt><Acct><Id><IBAN>CH9209000000414939852</IBAN></Id><Ownr><Nm>eversmart products Handels GmbH Pfäffikon SZ</Nm></Ownr></Acct><Bal><Tp><CdOrPrtry><Cd>OPBD</Cd></CdOrPrtry></Tp><Amt Ccy="CHF">96963.48</Amt><CdtDbtInd>CRDT</CdtDbtInd><Dt><Dt>2022-10-14</Dt></Dt></Bal><Bal><Tp><CdOrPrtry><Cd>CLBD</Cd></CdOrPrtry></Tp><Amt Ccy="CHF">107014.35</Amt><CdtDbtInd>CRDT</CdtDbtInd><Dt><Dt>2022-10-14</Dt></Dt></Bal><Bal><Tp><CdOrPrtry><Cd>CLAV</Cd></CdOrPrtry></Tp><Amt Ccy="CHF">107014.35</Amt><CdtDbtInd>CRDT</CdtDbtInd><Dt><Dt>2022-10-14</Dt></Dt></Bal><Bal><Tp><CdOrPrtry><Cd>FWAV</Cd></CdOrPrtry></Tp><Amt Ccy="CHF">107064.25</Amt><CdtDbtInd>CRDT</CdtDbtInd><Dt><Dt>2022-10-17</Dt></Dt></Bal><Ntry><Amt Ccy="CHF">1896.90</Amt><CdtDbtInd>DBIT</CdtDbtInd><RvslInd>false</RvslInd><Sts>BOOK</Sts><BookgDt><Dt>2022-10-14</Dt></BookgDt><ValDt><Dt>2022-10-14</Dt></ValDt><AcctSvcrRef>2872200098DZVTKK</AcctSvcrRef><BkTxCd><Domn><Cd>PMNT</Cd><Fmly><Cd>ICDT</Cd><SubFmlyCd>DMCT</SubFmlyCd></Fmly></Domn></BkTxCd><NtryDtls><TxDtls><Refs><AcctSvcrRef>25-662073697-1</AcctSvcrRef><PmtInfId>25:662073697</PmtInfId><InstrId>20220922000800377412325</InstrId></Refs><Amt Ccy="CHF">1896.90</Amt><CdtDbtInd>DBIT</CdtDbtInd><BkTxCd><Domn><Cd>PMNT</Cd><Fmly><Cd>ICDT</Cd><SubFmlyCd>DMCT</SubFmlyCd></Fmly></Domn></BkTxCd><RltdPties><Cdtr><Nm>Wenger Vieli AG</Nm><PstlAdr><Ctry>CH</Ctry></PstlAdr></Cdtr><CdtrAcct><Id><IBAN>CH6330700110001746164</IBAN></Id></CdtrAcct></RltdPties><RltdAgts><CdtrAgt><FinInstnId><BICFI>ZKBKCHZZ80A</BICFI><Nm>Zürcher Kantonalbank</Nm><PstlAdr><Ctry>CH</Ctry><AdrLine>8010 Zürich</AdrLine></PstlAdr></FinInstnId></CdtrAgt></RltdAgts><RmtInf><Strd><CdtrRefInf><Tp><CdOrPrtry><Prtry>QRR</Prtry></CdOrPrtry></Tp><Ref>000000000000024314001138071</Ref></CdtrRefInf><AddtlRmtInf>113807 Wenger Vieli</AddtlRmtInf></Strd></RmtInf></TxDtls></NtryDtls><AddtlNtryInf>LASTSCHRIFT ZÜRCHER KANTONALBANK 8010 ZÜRICH CH6330700110001746164 WENGER VIELI AG SENDER REFERENZ: 113807 WENGER VIELI 20220922000800377412325</AddtlNtryInf></Ntry><Ntry><NtryRef>CH9209000000414939852</NtryRef><Amt Ccy="CHF">3150.20</Amt><CdtDbtInd>CRDT</CdtDbtInd><RvslInd>false</RvslInd><Sts>BOOK</Sts><BookgDt><Dt>2022-10-14</Dt></BookgDt><ValDt><Dt>2022-10-14</Dt></ValDt><AcctSvcrRef>287220109C3TMKUK</AcctSvcrRef><BkTxCd><Domn><Cd>PMNT</Cd><Fmly><Cd>RCDT</Cd><SubFmlyCd>ATXN</SubFmlyCd></Fmly></Domn></BkTxCd><NtryDtls><Btch><NbOfTxs>1</NbOfTxs></Btch><TxDtls><Refs><AcctSvcrRef>221014CH09C3TMKU</AcctSvcrRef><InstrId>16967523368/4XXX</InstrId><EndToEndId>ETE9466a6c41d91471c91f1cbc98ed9526b</EndToEndId><Prtry><Tp>00</Tp><Ref>221014CH09C3TMKU</Ref></Prtry></Refs><Amt Ccy="CHF">3150.20</Amt><CdtDbtInd>CRDT</CdtDbtInd><BkTxCd><Domn><Cd>PMNT</Cd><Fmly><Cd>RCDT</Cd><SubFmlyCd>ATXN</SubFmlyCd></Fmly></Domn></BkTxCd><RltdPties><Dbtr><Nm>HS TEAM AG</Nm><PstlAdr><AdrLine>Bruenigstrasse 16 Postfach 114</AdrLine><AdrLine>6055 Alpnach Dorf</AdrLine></PstlAdr></Dbtr><DbtrAcct><Id><IBAN>CH2680808004488067028</IBAN></Id></DbtrAcct><CdtrAcct><Id><IBAN>CH9209000000414939852</IBAN></Id></CdtrAcct></RltdPties><RltdAgts><DbtrAgt><FinInstnId><ClrSysMmbId><MmbId>81232</MmbId></ClrSysMmbId><Nm>Raiffeisenbank Obwalden</Nm><PstlAdr><AdrLine>Brünigstrasse 97</AdrLine><AdrLine>6072 Sachseln</AdrLine></PstlAdr></FinInstnId></DbtrAgt></RltdAgts><RmtInf><Strd><AddtlRmtInf>?REJECT?0</AddtlRmtInf><AddtlRmtInf>?ERROR?000</AddtlRmtInf></Strd></RmtInf><RltdDts><AccptncDtTm>2022-10-14T20:00:00</AccptncDtTm></RltdDts></TxDtls></NtryDtls><AddtlNtryInf>GUTSCHRIFT AUFTRAGGEBER: HS TEAM AG BRUENIGSTRASSE 16 POSTFACH 114 6055 ALPNACH DORF REFERENZEN: ETE9466A6C41D91471C91F1CBC98ED9526B 16967523368/4XXX 221014CH09C3TMKU</AddtlNtryInf></Ntry><Ntry><NtryRef>CH9209000000414939852</NtryRef><Amt Ccy="CHF">139.90</Amt><CdtDbtInd>CRDT</CdtDbtInd><RvslInd>false</RvslInd><Sts>BOOK</Sts><BookgDt><Dt>2022-10-14</Dt></BookgDt><ValDt><Dt>2022-10-14</Dt></ValDt><AcctSvcrRef>287220109C49GUEK</AcctSvcrRef><BkTxCd><Domn><Cd>PMNT</Cd><Fmly><Cd>RCDT</Cd><SubFmlyCd>ATXN</SubFmlyCd></Fmly></Domn></BkTxCd><NtryDtls><Btch><NbOfTxs>1</NbOfTxs></Btch><TxDtls><Refs><AcctSvcrRef>221014CH09C49GUE</AcctSvcrRef><InstrId>9910286TI3939977</InstrId><EndToEndId>NOTPROVIDED</EndToEndId><Prtry><Tp>00</Tp><Ref>221014CH09C49GUE</Ref></Prtry></Refs><Amt Ccy="CHF">139.90</Amt><CdtDbtInd>CRDT</CdtDbtInd><BkTxCd><Domn><Cd>PMNT</Cd><Fmly><Cd>RCDT</Cd><SubFmlyCd>ATXN</SubFmlyCd></Fmly></Domn></BkTxCd><RltdPties><Dbtr><Nm>URSULA VON NIEDERHAEUSERN</Nm><PstlAdr><AdrLine>FROEHLICHSTR. 42 CH 5200 BRUGG AG</AdrLine></PstlAdr></Dbtr><DbtrAcct><Id><IBAN>CH2900210210954055M1M</IBAN></Id></DbtrAcct><CdtrAcct><Id><IBAN>CH9209000000414939852</IBAN></Id></CdtrAcct></RltdPties><RltdAgts><DbtrAgt><FinInstnId><ClrSysMmbId><MmbId>210</MmbId></ClrSysMmbId><Nm>UBS Switzerland AG</Nm><PstlAdr><AdrLine>Bahnhofstrasse 11</AdrLine><AdrLine>5201 Brugg AG</AdrLine></PstlAdr></FinInstnId></DbtrAgt></RltdAgts><RmtInf><Strd><AddtlRmtInf>?REJECT?0</AddtlRmtInf><AddtlRmtInf>?ERROR?000</AddtlRmtInf></Strd></RmtInf><RltdDts><AccptncDtTm>2022-10-14T20:00:00</AccptncDtTm></RltdDts></TxDtls></NtryDtls><AddtlNtryInf>GUTSCHRIFT AUFTRAGGEBER: URSULA VON NIEDERHAEUSERN FROEHLICHSTR. 42 CH 5200 BRUGG AG SPESENBETRAG 0.00 CHF SHA REFERENZEN: NOTPROVIDED 9910286TI3939977 221014CH09C49GUE</AddtlNtryInf></Ntry><Ntry><NtryRef>CH9209000000414939852</NtryRef><Amt Ccy="CHF">3657.01</Amt><CdtDbtInd>CRDT</CdtDbtInd><RvslInd>false</RvslInd><Sts>BOOK</Sts><BookgDt><Dt>2022-10-14</Dt></BookgDt><ValDt><Dt>2022-10-14</Dt></ValDt><AcctSvcrRef>287220009BYG9UVK</AcctSvcrRef><BkTxCd><Domn><Cd>PMNT</Cd><Fmly><Cd>RCDT</Cd><SubFmlyCd>AUTT</SubFmlyCd></Fmly></Domn></BkTxCd><NtryDtls><Btch><NbOfTxs>1</NbOfTxs></Btch><TxDtls><Refs><MsgId>TWINT20221012-101-Merchant</MsgId><AcctSvcrRef>221013CH09BYG9UV</AcctSvcrRef><PmtInfId>TWINT20221012-101-Merchant-B1</PmtInfId><InstrId>e4cbec09ce554df8a8d6a330d5aca5d0</InstrId><EndToEndId>TWINT20221012-101-Merchant-B1</EndToEndId><Prtry><Tp>00</Tp><Ref>221013CH09BYG9UV</Ref></Prtry></Refs><Amt Ccy="CHF">3657.01</Amt><CdtDbtInd>CRDT</CdtDbtInd><BkTxCd><Domn><Cd>PMNT</Cd><Fmly><Cd>RCDT</Cd><SubFmlyCd>AUTT</SubFmlyCd></Fmly></Domn></BkTxCd><RltdPties><Dbtr><Nm>TWINT Acquiring AG</Nm><PstlAdr><StrtNm>Stauffacherstrasse</StrtNm><BldgNb>41</BldgNb><PstCd>8004</PstCd><TwnNm>Zürich</TwnNm><Ctry>CH</Ctry></PstlAdr></Dbtr><DbtrAcct><Id><IBAN>CH6609000000313087410</IBAN></Id></DbtrAcct><CdtrAcct><Id><IBAN>CH9209000000414939852</IBAN></Id></CdtrAcct></RltdPties><RltdAgts><DbtrAgt><FinInstnId><BICFI>POFICHBEXXX</BICFI><Nm>POSTFINANCE AG</Nm><PstlAdr><AdrLine>MINGERSTRASSE 20</AdrLine><AdrLine>3030 BERN</AdrLine></PstlAdr></FinInstnId></DbtrAgt></RltdAgts><RmtInf><Ustrd>999999 TWINT TWINT Auszahlungen Pay</Ustrd><Ustrd>out 20221013                       </Ustrd><Ustrd>   Gross: 3705.20 Fees: -48.19</Ustrd><Strd><AddtlRmtInf>?REJECT?0</AddtlRmtInf><AddtlRmtInf>?ERROR?000</AddtlRmtInf></Strd></RmtInf><RltdDts><AccptncDtTm>2022-10-14T20:00:00</AccptncDtTm></RltdDts></TxDtls></NtryDtls><AddtlNtryInf>GUTSCHRIFT CH6609000000313087410 ABSENDER: TWINT ACQUIRING AG STAUFFACHERSTRASSE 41 8004 ZÜRICH MITTEILUNGEN: 999999 TWINT TWINT AUSZAHLUNGEN PAY OUT 20221013                           GROSS: 3705.20 FEES: -48.19 REFERENZEN: TWINT20221012-101-MERCHANT-B1</AddtlNtryInf></Ntry><Ntry><NtryRef>CH9209000000414939852</NtryRef><Amt Ccy="CHF">1416.12</Amt><CdtDbtInd>CRDT</CdtDbtInd><RvslInd>false</RvslInd><Sts>BOOK</Sts><BookgDt><Dt>2022-10-14</Dt></BookgDt><ValDt><Dt>2022-10-14</Dt></ValDt><AcctSvcrRef>287220109C54QGWK</AcctSvcrRef><BkTxCd><Domn><Cd>PMNT</Cd><Fmly><Cd>RCDT</Cd><SubFmlyCd>ATXN</SubFmlyCd></Fmly></Domn></BkTxCd><NtryDtls><Btch><NbOfTxs>1</NbOfTxs></Btch><TxDtls><Refs><AcctSvcrRef>221014CH09C54QGW</AcctSvcrRef><InstrId>LON03254536472</InstrId><EndToEndId>NOTPROVIDED</EndToEndId><Prtry><Tp>00</Tp><Ref>221014CH09C54QGW</Ref></Prtry></Refs><Amt Ccy="CHF">1416.12</Amt><CdtDbtInd>CRDT</CdtDbtInd><BkTxCd><Domn><Cd>PMNT</Cd><Fmly><Cd>RCDT</Cd><SubFmlyCd>ATXN</SubFmlyCd></Fmly></Domn></BkTxCd><RltdPties><Dbtr><Nm>STRIPE PAYMENTS UK LTD</Nm><PstlAdr><AdrLine>9TH FLOOR, 107 CHEAPSIDE GB - LONDO</AdrLine><AdrLine>N EC2V 6DN</AdrLine></PstlAdr></Dbtr><DbtrAcct><Id><IBAN>DK6289000000010375</IBAN></Id></DbtrAcct><CdtrAcct><Id><IBAN>CH9209000000414939852</IBAN></Id></CdtrAcct></RltdPties><RltdAgts><DbtrAgt><FinInstnId><BICFI>CITIGB2LXXX</BICFI><Nm>CITIBANK N.A.</Nm><PstlAdr><AdrLine>CITIBANK CENTRE25 CANADA SQUARE</AdrLine><AdrLine>E14 5LB LONDON</AdrLine></PstlAdr></FinInstnId></DbtrAgt></RltdAgts><RmtInf><Ustrd>STRIPE D9U5A5</Ustrd><Strd><AddtlRmtInf>?REJECT?0</AddtlRmtInf><AddtlRmtInf>?ERROR?000</AddtlRmtInf></Strd></RmtInf><RltdDts><AccptncDtTm>2022-10-14T20:00:00</AccptncDtTm></RltdDts></TxDtls></NtryDtls><AddtlNtryInf>GUTSCHRIFT AUFTRAGGEBER: STRIPE PAYMENTS UK LTD 9TH FLOOR, 107 CHEAPSIDE GB - LONDO N EC2V 6DN MITTEILUNGEN: STRIPE D9U5A5 SPESENBETRAG 0.00 CHF SHA REFERENZEN: NOTPROVIDED LON03254536472 221014CH09C54QGW</AddtlNtryInf></Ntry><Ntry><NtryRef>CH9530000002414939852</NtryRef><Amt Ccy="CHF">99.90</Amt><CdtDbtInd>CRDT</CdtDbtInd><RvslInd>false</RvslInd><Sts>BOOK</Sts><BookgDt><Dt>2022-10-14</Dt></BookgDt><ValDt><Dt>2022-10-14</Dt></ValDt><AcctSvcrRef>287220009C8SZUAU</AcctSvcrRef><BkTxCd><Domn><Cd>PMNT</Cd><Fmly><Cd>RCDT</Cd><SubFmlyCd>VCOM</SubFmlyCd></Fmly></Domn></BkTxCd><NtryDtls><TxDtls><Refs><AcctSvcrRef>287220009C8SZUAU</AcctSvcrRef></Refs><Amt Ccy="CHF">99.90</Amt><CdtDbtInd>CRDT</CdtDbtInd></TxDtls></NtryDtls><AddtlNtryInf>SAMMELGUTSCHRIFT FÜR KONTO: CH9530000002414939852 VERARBEITUNG VOM 14.10.2022 PAKET ID: 221014CH00000CDV</AddtlNtryInf></Ntry><Ntry><NtryRef>CH4330000001414939852</NtryRef><Amt Ccy="CHF">3354.74</Amt><CdtDbtInd>CRDT</CdtDbtInd><RvslInd>false</RvslInd><Sts>BOOK</Sts><BookgDt><Dt>2022-10-14</Dt></BookgDt><ValDt><Dt>2022-10-14</Dt></ValDt><AcctSvcrRef>287220009C8SWEMU</AcctSvcrRef><BkTxCd><Domn><Cd>PMNT</Cd><Fmly><Cd>RCDT</Cd><SubFmlyCd>VCOM</SubFmlyCd></Fmly></Domn></BkTxCd><Chrgs><TtlChrgsAndTaxAmt Ccy="CHF">1.60</TtlChrgsAndTaxAmt><Rcrd><Amt Ccy="CHF">1.60</Amt><CdtDbtInd>DBIT</CdtDbtInd><ChrgInclInd>false</ChrgInclInd><Tp><Prtry><Id>2</Id></Prtry></Tp></Rcrd></Chrgs><NtryDtls><TxDtls><Refs><AcctSvcrRef>287220009C8SWEMU</AcctSvcrRef></Refs><Amt Ccy="CHF">3354.74</Amt><CdtDbtInd>CRDT</CdtDbtInd></TxDtls></NtryDtls><AddtlNtryInf>SAMMELGUTSCHRIFT FÜR KONTO: CH4330000001414939852 VERARBEITUNG VOM 14.10.2022 PAKET ID: 221014CH000007CO</AddtlNtryInf></Ntry><Ntry><Amt Ccy="CHF">129.90</Amt><CdtDbtInd>CRDT</CdtDbtInd><RvslInd>false</RvslInd><Sts>BOOK</Sts><BookgDt><Dt>2022-10-14</Dt></BookgDt><ValDt><Dt>2022-10-14</Dt></ValDt><AcctSvcrRef>2872400271557886</AcctSvcrRef><BkTxCd><Domn><Cd>PMNT</Cd><Fmly><Cd>MCRD</Cd><SubFmlyCd>POSP</SubFmlyCd></Fmly></Domn></BkTxCd><NtryDtls><TxDtls><Refs><AcctSvcrRef>2872400271557886</AcctSvcrRef></Refs><Amt Ccy="CHF">129.90</Amt><CdtDbtInd>CRDT</CdtDbtInd></TxDtls></NtryDtls><AddtlNtryInf>GUTSCHRIFT E-PAYMENT-TRANSAKTIONEN POSTFINANCE CARD EINLIEFERUNG VOM 13.10.2022 EVERSMART PRODUCTS HANDELS PFAQ08SC0000001 WWW.SCHNARCHSCHIENE-RONCHUS.CH</AddtlNtryInf></Ntry></Stmt></BkToCstmrStmt></Document>
