<?xml version="1.0" encoding="UTF-8"?>
<Document xmlns="urn:iso:std:iso:20022:tech:xsd:camt.054.001.04" xmlns:xsi="http://www.w3.org/2001/XMLSchema-instance" xsi:schemaLocation="urn:iso:std:iso:20022:tech:xsd:camt.054.001.04 camt.054.001.04.xsd"><BkToCstmrDbtCdtNtfctn><GrpHdr><MsgId>20220727375204890196356</MsgId><CreDtTm>2022-07-27T23:43:23</CreDtTm><MsgPgntn><PgNb>1</PgNb><LastPgInd>true</LastPgInd></MsgPgntn><AddtlInf>SPS/1.7/PROD</AddtlInf></GrpHdr><Ntfctn><Id>20220727375204890196360</Id><CreDtTm>2022-07-27T23:43:23</CreDtTm><FrToDt><FrDtTm>2022-07-27T00:00:00</FrDtTm><ToDtTm>2022-07-27T23:59:59</ToDtTm></FrToDt><RptgSrc><Prtry>OTHR</Prtry></RptgSrc><Acct><Id><IBAN>CH9209000000414939852</IBAN></Id><Ownr><Nm>eversmart products Handels GmbH Pfäffikon SZ</Nm></Ownr></Acct><Ntry><NtryRef>CH9530000002414939852</NtryRef><Amt Ccy="CHF">99.80</Amt><CdtDbtInd>CRDT</CdtDbtInd><RvslInd>false</RvslInd><Sts>BOOK</Sts><BookgDt><Dt>2022-07-27</Dt></BookgDt><ValDt><Dt>2022-07-27</Dt></ValDt><AcctSvcrRef>208220009053ZAYU</AcctSvcrRef><BkTxCd><Domn><Cd>PMNT</Cd><Fmly><Cd>RCDT</Cd><SubFmlyCd>VCOM</SubFmlyCd></Fmly></Domn></BkTxCd><NtryDtls><Btch><NbOfTxs>2</NbOfTxs></Btch><TxDtls><Refs><AcctSvcrRef>220727CH08ZY0BGA</AcctSvcrRef><InstrId>DNUR220726C00471</InstrId><EndToEndId>SP-99290326-0</EndToEndId><Prtry><Tp>00</Tp><Ref>20220727375204543671216</Ref></Prtry></Refs><Amt Ccy="CHF">49.90</Amt><CdtDbtInd>CRDT</CdtDbtInd><BkTxCd><Domn><Cd>PMNT</Cd><Fmly><Cd>RCDT</Cd><SubFmlyCd>ATXN</SubFmlyCd></Fmly></Domn></BkTxCd><RltdPties><Dbtr><Nm>Ricardo Oetiker Jeri</Nm><PstlAdr><StrtNm>Regina-Kagi-Hof</StrtNm><BldgNb>12</BldgNb><PstCd>8050</PstCd><TwnNm>Zurich</TwnNm><Ctry>CH</Ctry></PstlAdr></Dbtr><DbtrAcct><Id><IBAN>CH2504835151319760000</IBAN></Id></DbtrAcct><UltmtDbtr><Nm>Ricardo Oetiker</Nm><PstlAdr><AdrLine>Regina-Kagi-Hof 12</AdrLine><AdrLine>8050 Zurich</AdrLine></PstlAdr></UltmtDbtr></RltdPties><RltdAgts><DbtrAgt><FinInstnId><ClrSysMmbId><MmbId>4835</MmbId></ClrSysMmbId><Nm>Credit Suisse (Schweiz) AG</Nm><PstlAdr><AdrLine>Paradeplatz 8</AdrLine><AdrLine>8070 Zürich</AdrLine></PstlAdr></FinInstnId></DbtrAgt></RltdAgts><RmtInf><Strd><CdtrRefInf><Tp><CdOrPrtry><Prtry>QRR</Prtry></CdOrPrtry></Tp><Ref>000000000000000000000003991</Ref></CdtrRefInf><AddtlRmtInf>?REJECT?0</AddtlRmtInf><AddtlRmtInf>?ERROR?000</AddtlRmtInf><AddtlRmtInf>6728</AddtlRmtInf></Strd></RmtInf><RltdDts><AccptncDtTm>2022-07-27T20:00:00</AccptncDtTm></RltdDts></TxDtls><TxDtls><Refs><AcctSvcrRef>220727CH08ZZ9DVN</AcctSvcrRef><InstrId>8670208TO5904842</InstrId><EndToEndId>NOTPROVIDED</EndToEndId><Prtry><Tp>00</Tp><Ref>20220727375204544672613</Ref></Prtry></Refs><Amt Ccy="CHF">49.90</Amt><CdtDbtInd>CRDT</CdtDbtInd><BkTxCd><Domn><Cd>PMNT</Cd><Fmly><Cd>RCDT</Cd><SubFmlyCd>ATXN</SubFmlyCd></Fmly></Domn></BkTxCd><RltdPties><Dbtr><Nm>BUSTRA AHMEDOSKI</Nm><PstlAdr><AdrLine>HAUENTALSTRASSE 169 CH 8200 SCHAFFH</AdrLine><AdrLine>AUSEN</AdrLine></PstlAdr></Dbtr><DbtrAcct><Id><IBAN>CH110028728784633340T</IBAN></Id></DbtrAcct><UltmtDbtr><Nm>BALI AHMEDI</Nm><PstlAdr><AdrLine>HAUENTALSTRASSE 169</AdrLine><AdrLine>8200 SCHAFFHAUSEN</AdrLine></PstlAdr></UltmtDbtr></RltdPties><RltdAgts><DbtrAgt><FinInstnId><ClrSysMmbId><MmbId>287</MmbId></ClrSysMmbId><Nm>UBS Switzerland AG</Nm><PstlAdr><AdrLine>Schwertstrasse 2</AdrLine><AdrLine>8201 Schaffhausen</AdrLine></PstlAdr></FinInstnId></DbtrAgt></RltdAgts><RmtInf><Strd><CdtrRefInf><Tp><CdOrPrtry><Prtry>QRR</Prtry></CdOrPrtry></Tp><Ref>000000000000000000000003975</Ref></CdtrRefInf><AddtlRmtInf>?REJECT?0</AddtlRmtInf><AddtlRmtInf>?ERROR?000</AddtlRmtInf><AddtlRmtInf>6725</AddtlRmtInf></Strd></RmtInf><RltdDts><AccptncDtTm>2022-07-27T20:00:00</AccptncDtTm></RltdDts></TxDtls></NtryDtls><AddtlNtryInf>SAMMELGUTSCHRIFT FÜR KONTO: CH9530000002414939852 VERARBEITUNG VOM 27.07.2022 PAKET ID: 220727CH00000DRS</AddtlNtryInf></Ntry></Ntfctn></BkToCstmrDbtCdtNtfctn></Document>
