<?xml version="1.0" encoding="UTF-8"?>
<Document xmlns="urn:iso:std:iso:20022:tech:xsd:camt.053.001.04" xmlns:xsi="http://www.w3.org/2001/XMLSchema-instance" xsi:schemaLocation="urn:iso:std:iso:20022:tech:xsd:camt.053.001.04 camt.053.001.04.xsd"><BkToCstmrStmt><GrpHdr><MsgId>20220602375204853166698</MsgId><CreDtTm>2022-06-03T02:16:26</CreDtTm><MsgPgntn><PgNb>1</PgNb><LastPgInd>true</LastPgInd></MsgPgntn><AddtlInf>SPS/1.7/PROD</AddtlInf></GrpHdr><Stmt><Id>20220602375204853166727</Id><ElctrncSeqNb>107</ElctrncSeqNb><CreDtTm>2022-06-03T02:16:26</CreDtTm><FrToDt><FrDtTm>2022-06-02T00:00:00</FrDtTm><ToDtTm>2022-06-02T23:59:59</ToDtTm></FrToDt><Acct><Id><IBAN>CH9209000000414939852</IBAN></Id><Ownr><Nm>eversmart products Handels GmbH Pfäffikon SZ</Nm></Ownr></Acct><Bal><Tp><CdOrPrtry><Cd>OPBD</Cd></CdOrPrtry></Tp><Amt Ccy="CHF">41179.60</Amt><CdtDbtInd>CRDT</CdtDbtInd><Dt><Dt>2022-06-02</Dt></Dt></Bal><Bal><Tp><CdOrPrtry><Cd>CLBD</Cd></CdOrPrtry></Tp><Amt Ccy="CHF">12346.75</Amt><CdtDbtInd>CRDT</CdtDbtInd><Dt><Dt>2022-06-02</Dt></Dt></Bal><Bal><Tp><CdOrPrtry><Cd>CLAV</Cd></CdOrPrtry></Tp><Amt Ccy="CHF">12240.65</Amt><CdtDbtInd>CRDT</CdtDbtInd><Dt><Dt>2022-06-02</Dt></Dt></Bal><Bal><Tp><CdOrPrtry><Cd>FWAV</Cd></CdOrPrtry></Tp><Amt Ccy="CHF">215.98</Amt><CdtDbtInd>CRDT</CdtDbtInd><Dt><Dt>2022-06-03</Dt></Dt></Bal><Ntry><Amt Ccy="CHF">6000.00</Amt><CdtDbtInd>DBIT</CdtDbtInd><RvslInd>false</RvslInd><Sts>BOOK</Sts><BookgDt><Dt>2022-06-02</Dt></BookgDt><ValDt><Dt>2022-06-02</Dt></ValDt><AcctSvcrRef>153220008RSNJT5K</AcctSvcrRef><BkTxCd><Domn><Cd>PMNT</Cd><Fmly><Cd>ICDT</Cd><SubFmlyCd>DMCT</SubFmlyCd></Fmly></Domn></BkTxCd><NtryDtls><TxDtls><Refs><AcctSvcrRef>25-596920192-1</AcctSvcrRef><PmtInfId>25:596920192</PmtInfId><InstrId>20220601000800583715039</InstrId></Refs><Amt Ccy="CHF">6000.00</Amt><CdtDbtInd>DBIT</CdtDbtInd><BkTxCd><Domn><Cd>PMNT</Cd><Fmly><Cd>ICDT</Cd><SubFmlyCd>DMCT</SubFmlyCd></Fmly></Domn></BkTxCd><RltdPties><Cdtr><Nm>Cornèr Banca SA, Lugano</Nm><PstlAdr><Ctry>CH</Ctry></PstlAdr></Cdtr><CdtrAcct><Id><IBAN>CH6408490900130065656</IBAN></Id></CdtrAcct></RltdPties><RltdAgts><CdtrAgt><FinInstnId><BICFI>CBLUCH22XXX</BICFI><Nm>Cornèr Banca SA</Nm><PstlAdr><Ctry>CH</Ctry><AdrLine>Via Canova 16 6901 Lugano</AdrLine></PstlAdr></FinInstnId></CdtrAgt></RltdAgts><RmtInf><Ustrd>eversmart products Handels GmbH</Ustrd><Strd><AddtlRmtInf>KK ausgleich</AddtlRmtInf></Strd></RmtInf></TxDtls></NtryDtls><AddtlNtryInf>LASTSCHRIFT Cornèr Banca SA Via Canova 16 6901 Lugano CH6408490900130065656 Cornèr Banca SA, Lugano SENDER REFERENZ: KK ausgleich 20220601000800583715039</AddtlNtryInf></Ntry><Ntry><Amt Ccy="CHF">119.90</Amt><CdtDbtInd>CRDT</CdtDbtInd><RvslInd>false</RvslInd><Sts>BOOK</Sts><BookgDt><Dt>2022-06-02</Dt></BookgDt><ValDt><Dt>2022-06-02</Dt></ValDt><AcctSvcrRef>153220108RRLP2WK</AcctSvcrRef><BkTxCd><Domn><Cd>PMNT</Cd><Fmly><Cd>RCDT</Cd><SubFmlyCd>AUTT</SubFmlyCd></Fmly></Domn></BkTxCd><NtryDtls><Btch><NbOfTxs>1</NbOfTxs></Btch><TxDtls><Refs><AcctSvcrRef>220601CH08RRLP2W</AcctSvcrRef><InstrId>20220601000800579607325</InstrId><Prtry><Tp>00</Tp><Ref>220601CH08RRLP2W</Ref></Prtry></Refs><Amt Ccy="CHF">119.90</Amt><CdtDbtInd>CRDT</CdtDbtInd><BkTxCd><Domn><Cd>PMNT</Cd><Fmly><Cd>RCDT</Cd><SubFmlyCd>AUTT</SubFmlyCd></Fmly></Domn></BkTxCd><RltdPties><Dbtr><Nm>Koller D. R. und Koller A.</Nm><PstlAdr><StrtNm>Bodenholzstrasse</StrtNm><BldgNb>32A</BldgNb><PstCd>8340</PstCd><TwnNm>Hinwil</TwnNm><Ctry>CH</Ctry></PstlAdr></Dbtr><DbtrAcct><Id><IBAN>CH9609000000872333289</IBAN></Id></DbtrAcct><CdtrAcct><Id><IBAN>CH9209000000414939852</IBAN></Id></CdtrAcct></RltdPties><RltdAgts><DbtrAgt><FinInstnId><BICFI>POFICHBEXXX</BICFI><Nm>POSTFINANCE AG</Nm><PstlAdr><AdrLine>MINGERSTRASSE , 20</AdrLine><AdrLine>3030 BERN</AdrLine></PstlAdr></FinInstnId></DbtrAgt></RltdAgts><RmtInf><Ustrd>Rechnung RE-86174</Ustrd><Strd><AddtlRmtInf>?REJECT?0</AddtlRmtInf><AddtlRmtInf>?ERROR?000</AddtlRmtInf></Strd></RmtInf><RltdDts><AccptncDtTm>2022-06-02T20:00:00</AccptncDtTm></RltdDts></TxDtls></NtryDtls><AddtlNtryInf>GUTSCHRIFT CH9609000000872333289 ABSENDER: Koller D. R. und Koller A. Bodenholzstrasse 32A 8340 Hinwil MITTEILUNGEN: Rechnung RE-86174</AddtlNtryInf></Ntry><Ntry><Amt Ccy="CHF">86.80</Amt><CdtDbtInd>CRDT</CdtDbtInd><RvslInd>false</RvslInd><Sts>BOOK</Sts><BookgDt><Dt>2022-06-02</Dt></BookgDt><ValDt><Dt>2022-06-02</Dt></ValDt><AcctSvcrRef>153220108RVS7V7K</AcctSvcrRef><BkTxCd><Domn><Cd>PMNT</Cd><Fmly><Cd>RCDT</Cd><SubFmlyCd>ATXN</SubFmlyCd></Fmly></Domn></BkTxCd><NtryDtls><Btch><NbOfTxs>1</NbOfTxs></Btch><TxDtls><Refs><AcctSvcrRef>220602CH08RVS7V7</AcctSvcrRef><InstrId>1086573753/1XXXX</InstrId><EndToEndId>NOTPROVIDED</EndToEndId><Prtry><Tp>00</Tp><Ref>220602CH08RVS7V7</Ref></Prtry></Refs><Amt Ccy="CHF">86.80</Amt><CdtDbtInd>CRDT</CdtDbtInd><BkTxCd><Domn><Cd>PMNT</Cd><Fmly><Cd>RCDT</Cd><SubFmlyCd>ATXN</SubFmlyCd></Fmly></Domn></BkTxCd><RltdPties><Dbtr><Nm>Juliana Villiger-Kuendig</Nm><PstlAdr><AdrLine>Hoehenweg 51</AdrLine><AdrLine>CH-5040 Schoeftland</AdrLine></PstlAdr></Dbtr><DbtrAcct><Id><IBAN>CH4200761016093919960</IBAN></Id></DbtrAcct><CdtrAcct><Id><IBAN>CH9209000000414939852</IBAN></Id></CdtrAcct></RltdPties><RltdAgts><DbtrAgt><FinInstnId><ClrSysMmbId><MmbId>761</MmbId></ClrSysMmbId><Nm>Aargauische Kantonalbank</Nm><PstlAdr><AdrLine>Bahnhofplatz 1</AdrLine><AdrLine>5001 Aarau</AdrLine></PstlAdr></FinInstnId></DbtrAgt></RltdAgts><RmtInf><Ustrd>RE- 86204 BESTELLUNG 10976 00 00000</Ustrd><Ustrd> 00000 00000 00008 61555</Ustrd><Strd><AddtlRmtInf>?REJECT?0</AddtlRmtInf><AddtlRmtInf>?ERROR?000</AddtlRmtInf></Strd></RmtInf><RltdDts><AccptncDtTm>2022-06-02T20:00:00</AccptncDtTm></RltdDts></TxDtls></NtryDtls><AddtlNtryInf>GUTSCHRIFT AUFTRAGGEBER: Juliana Villiger-Kuendig Hoehenweg 51 CH-5040 Schoeftland MITTEILUNGEN: RE- 86204 BESTELLUNG 10976 00 00000  00000 00000 00008 61555 REFERENZEN: NOTPROVIDED 1086573753/1XXXX 220602CH08RVS7V7</AddtlNtryInf></Ntry><Ntry><Amt Ccy="CHF">280.85</Amt><CdtDbtInd>DBIT</CdtDbtInd><RvslInd>false</RvslInd><Sts>BOOK</Sts><BookgDt><Dt>2022-06-02</Dt></BookgDt><ValDt><Dt>2022-06-02</Dt></ValDt><AcctSvcrRef>153220008RTIOAGK</AcctSvcrRef><BkTxCd><Domn><Cd>PMNT</Cd><Fmly><Cd>ICDT</Cd><SubFmlyCd>AUTT</SubFmlyCd></Fmly></Domn></BkTxCd><NtryDtls><TxDtls><Refs><MsgId>25:597127397</MsgId><AcctSvcrRef>25-597127397-1</AcctSvcrRef><PmtInfId>SO:7329819</PmtInfId></Refs><Amt Ccy="CHF">280.85</Amt><CdtDbtInd>DBIT</CdtDbtInd><BkTxCd><Domn><Cd>PMNT</Cd><Fmly><Cd>ICDT</Cd><SubFmlyCd>AUTT</SubFmlyCd></Fmly></Domn></BkTxCd><RltdPties><Cdtr><Nm>Credit Suisse</Nm><PstlAdr><Ctry>CH</Ctry><AdrLine>8070 Zürich</AdrLine></PstlAdr></Cdtr><CdtrAcct><Id><Othr><Id>010026540</Id></Othr></Id></CdtrAcct></RltdPties><RmtInf><Strd><CdtrRefInf><Tp><CdOrPrtry><Prtry>ESR</Prtry></CdOrPrtry></Tp><Ref>939116100012031970016248803</Ref></CdtrRefInf><AddtlRmtInf>AMAG Leasing T6</AddtlRmtInf></Strd></RmtInf></TxDtls></NtryDtls><AddtlNtryInf>ESR DAUERAUFTRAG: 90-7329819 01-2654-0 Credit Suisse 8070 Zürich SENDER REFERENZ: AMAG Leasing T6</AddtlNtryInf></Ntry><Ntry><Amt Ccy="CHF">2073.70</Amt><CdtDbtInd>CRDT</CdtDbtInd><RvslInd>false</RvslInd><Sts>BOOK</Sts><BookgDt><Dt>2022-06-02</Dt></BookgDt><ValDt><Dt>2022-06-02</Dt></ValDt><AcctSvcrRef>153220108RX4D1NK</AcctSvcrRef><BkTxCd><Domn><Cd>PMNT</Cd><Fmly><Cd>RCDT</Cd><SubFmlyCd>ATXN</SubFmlyCd></Fmly></Domn></BkTxCd><NtryDtls><Btch><NbOfTxs>1</NbOfTxs></Btch><TxDtls><Refs><AcctSvcrRef>220602CH08RX4D1N</AcctSvcrRef><InstrId>LON03228591505</InstrId><EndToEndId>NOTPROVIDED</EndToEndId><Prtry><Tp>00</Tp><Ref>220602CH08RX4D1N</Ref></Prtry></Refs><Amt Ccy="CHF">2073.70</Amt><CdtDbtInd>CRDT</CdtDbtInd><BkTxCd><Domn><Cd>PMNT</Cd><Fmly><Cd>RCDT</Cd><SubFmlyCd>ATXN</SubFmlyCd></Fmly></Domn></BkTxCd><RltdPties><Dbtr><Nm>STRIPE PAYMENTS UK LTD</Nm><PstlAdr><AdrLine>9TH FLOOR, 107 CHEAPSIDE GB - LONDO</AdrLine><AdrLine>N EC2V 6DN</AdrLine></PstlAdr></Dbtr><DbtrAcct><Id><IBAN>DK6289000000010375</IBAN></Id></DbtrAcct><CdtrAcct><Id><IBAN>CH9209000000414939852</IBAN></Id></CdtrAcct></RltdPties><RltdAgts><DbtrAgt><FinInstnId><BICFI>CITIGB2LXXX</BICFI><Nm>CITIBANK N.A.</Nm><PstlAdr><AdrLine>CITIBANK CENTRE25 CANADA SQUARE</AdrLine><AdrLine>E14 5LB LONDON</AdrLine></PstlAdr></FinInstnId></DbtrAgt></RltdAgts><RmtInf><Ustrd>STRIPE Y3E7W7</Ustrd><Strd><AddtlRmtInf>?REJECT?0</AddtlRmtInf><AddtlRmtInf>?ERROR?000</AddtlRmtInf></Strd></RmtInf><RltdDts><AccptncDtTm>2022-06-02T20:00:00</AccptncDtTm></RltdDts></TxDtls></NtryDtls><AddtlNtryInf>GUTSCHRIFT AUFTRAGGEBER: STRIPE PAYMENTS UK LTD 9TH FLOOR, 107 CHEAPSIDE GB - LONDO N EC2V 6DN MITTEILUNGEN: STRIPE Y3E7W7 SPESENBETRAG 0.00 CHF SHA REFERENZEN: NOTPROVIDED LON03228591505 220602CH08RX4D1N</AddtlNtryInf></Ntry><Ntry><Amt Ccy="CHF">32227.60</Amt><CdtDbtInd>DBIT</CdtDbtInd><RvslInd>false</RvslInd><Sts>BOOK</Sts><BookgDt><Dt>2022-06-02</Dt></BookgDt><ValDt><Dt>2022-06-02</Dt></ValDt><AcctSvcrRef>153220008RMQ0HJK</AcctSvcrRef><BkTxCd><Domn><Cd>PMNT</Cd><Fmly><Cd>ICDT</Cd><SubFmlyCd>ESCT</SubFmlyCd></Fmly></Domn></BkTxCd><NtryDtls><TxDtls><Refs><AcctSvcrRef>25-596527895-1</AcctSvcrRef><PmtInfId>25:596527895</PmtInfId><InstrId>20220601000800573502162</InstrId></Refs><Amt Ccy="CHF">32227.60</Amt><CdtDbtInd>DBIT</CdtDbtInd><AmtDtls><InstdAmt><Amt Ccy="EUR">31000.00</Amt><CcyXchg><SrcCcy>EUR</SrcCcy><XchgRate>1.0396</XchgRate></CcyXchg></InstdAmt></AmtDtls><BkTxCd><Domn><Cd>PMNT</Cd><Fmly><Cd>ICDT</Cd><SubFmlyCd>ESCT</SubFmlyCd></Fmly></Domn></BkTxCd><RltdPties><Cdtr><Nm>TAUMONA UAB</Nm><PstlAdr><Ctry>LT</Ctry><AdrLine>Ventos g. 8E LT-89173 Mažeikiai</AdrLine></PstlAdr></Cdtr><CdtrAcct><Id><IBAN>LT297180800015070225</IBAN></Id></CdtrAcct></RltdPties><RltdAgts><CdtrAgt><FinInstnId><BICFI>CBSBLT26XXX</BICFI><Nm>SIAULIU BANKAS AB</Nm><PstlAdr><Ctry>LT</Ctry><AdrLine>TILZES STREET 149 LT-76348 SIAULIAI</AdrLine></PstlAdr></FinInstnId></CdtrAgt></RltdAgts><RmtInf><Ustrd>Invoice No. 220426 UZS22-001642 UZS</Ustrd><Ustrd>22-001648 UZS22-001649</Ustrd><Strd><AddtlRmtInf>HW Tischplatten Mein-stehtisch.ch</AddtlRmtInf></Strd></RmtInf></TxDtls></NtryDtls><AddtlNtryInf>GIRO INTERNATIONAL (SEPA) EUR 31'000.00 ZUM KURS VON 1.0396 SIAULIU BANKAS AB TILZES STREET 149 LT-76348 SIAULIAI LT297180800015070225 TAUMONA UAB Ventos g. 8E LT-89173 Mažeikiai SENDER REFERENZ: HW Tischplatten Mein-stehtisch.ch 20220601000800573502162</AddtlNtryInf></Ntry><Ntry><Amt Ccy="CHF">1952.00</Amt><CdtDbtInd>CRDT</CdtDbtInd><RvslInd>false</RvslInd><Sts>BOOK</Sts><BookgDt><Dt>2022-06-02</Dt></BookgDt><ValDt><Dt>2022-06-02</Dt></ValDt><AcctSvcrRef>153220008RMGOYZK</AcctSvcrRef><BkTxCd><Domn><Cd>PMNT</Cd><Fmly><Cd>RCDT</Cd><SubFmlyCd>AUTT</SubFmlyCd></Fmly></Domn></BkTxCd><NtryDtls><Btch><NbOfTxs>1</NbOfTxs></Btch><TxDtls><Refs><MsgId>TWINT20220531-101-Merchant</MsgId><AcctSvcrRef>220601CH08RMGOYZ</AcctSvcrRef><PmtInfId>TWINT20220531-101-Merchant-B1</PmtInfId><InstrId>52323b3567154b119a134f085f2b8098</InstrId><EndToEndId>TWINT20220531-101-Merchant-B1</EndToEndId><Prtry><Tp>00</Tp><Ref>220601CH08RMGOYZ</Ref></Prtry></Refs><Amt Ccy="CHF">1952.00</Amt><CdtDbtInd>CRDT</CdtDbtInd><BkTxCd><Domn><Cd>PMNT</Cd><Fmly><Cd>RCDT</Cd><SubFmlyCd>AUTT</SubFmlyCd></Fmly></Domn></BkTxCd><RltdPties><Dbtr><Nm>TWINT Acquiring AG</Nm><PstlAdr><StrtNm>Stauffacherstrasse</StrtNm><BldgNb>41</BldgNb><PstCd>8004</PstCd><TwnNm>Zürich</TwnNm><Ctry>CH</Ctry></PstlAdr></Dbtr><DbtrAcct><Id><IBAN>CH6609000000313087410</IBAN></Id></DbtrAcct><CdtrAcct><Id><IBAN>CH9209000000414939852</IBAN></Id></CdtrAcct></RltdPties><RltdAgts><DbtrAgt><FinInstnId><BICFI>POFICHBEXXX</BICFI><Nm>POSTFINANCE AG</Nm><PstlAdr><AdrLine>MINGERSTRASSE , 20</AdrLine><AdrLine>3030 BERN</AdrLine></PstlAdr></FinInstnId></DbtrAgt></RltdAgts><RmtInf><Ustrd>999999 TWINT TWINT Auszahlungen Pay</Ustrd><Ustrd>out 20220601                       </Ustrd><Ustrd>   Gross: 1977.72 Fees: -25.72</Ustrd><Strd><AddtlRmtInf>?REJECT?0</AddtlRmtInf><AddtlRmtInf>?ERROR?000</AddtlRmtInf></Strd></RmtInf><RltdDts><AccptncDtTm>2022-06-02T20:00:00</AccptncDtTm></RltdDts></TxDtls></NtryDtls><AddtlNtryInf>GUTSCHRIFT CH6609000000313087410 ABSENDER: TWINT Acquiring AG Stauffacherstrasse 41 8004 Zürich MITTEILUNGEN: 999999 TWINT TWINT Auszahlungen Pay out 20220601                           Gross: 1977.72 Fees: -25.72 REFERENZEN: TWINT20220531-101-Merchant-B1</AddtlNtryInf></Ntry><Ntry><NtryRef>CH4330000001414939852</NtryRef><Amt Ccy="CHF">5187.30</Amt><CdtDbtInd>CRDT</CdtDbtInd><RvslInd>false</RvslInd><Sts>BOOK</Sts><BookgDt><Dt>2022-06-02</Dt></BookgDt><ValDt><Dt>2022-06-02</Dt></ValDt><AcctSvcrRef>153220008S1A6MXU</AcctSvcrRef><BkTxCd><Domn><Cd>PMNT</Cd><Fmly><Cd>RCDT</Cd><SubFmlyCd>VCOM</SubFmlyCd></Fmly></Domn></BkTxCd><Chrgs><TtlChrgsAndTaxAmt Ccy="CHF">13.60</TtlChrgsAndTaxAmt><Rcrd><Amt Ccy="CHF">13.60</Amt><CdtDbtInd>DBIT</CdtDbtInd><ChrgInclInd>false</ChrgInclInd><Tp><Prtry><Id>2</Id></Prtry></Tp></Rcrd></Chrgs><NtryDtls><TxDtls><Refs><AcctSvcrRef>153220008S1A6MXU</AcctSvcrRef></Refs><Amt Ccy="CHF">5187.30</Amt><CdtDbtInd>CRDT</CdtDbtInd></TxDtls></NtryDtls><AddtlNtryInf>SAMMELGUTSCHRIFT FÜR KONTO: CH4330000001414939852 VERARBEITUNG VOM 02.06.2022 PAKET ID: 220602CH000007YL</AddtlNtryInf></Ntry><Ntry><NtryRef>011062999</NtryRef><Amt Ccy="CHF">106.10</Amt><CdtDbtInd>CRDT</CdtDbtInd><RvslInd>false</RvslInd><Sts>BOOK</Sts><BookgDt><Dt>2022-06-02</Dt></BookgDt><ValDt><Dt>2022-06-03</Dt></ValDt><AcctSvcrRef>153220008S1B7K5U</AcctSvcrRef><BkTxCd><Domn><Cd>PMNT</Cd><Fmly><Cd>RCDT</Cd><SubFmlyCd>VCOM</SubFmlyCd></Fmly></Domn></BkTxCd><NtryDtls><TxDtls><Refs><AcctSvcrRef>153220008S1B7K5U</AcctSvcrRef></Refs><Amt Ccy="CHF">106.10</Amt><CdtDbtInd>CRDT</CdtDbtInd></TxDtls></NtryDtls><AddtlNtryInf>SAMMELGUTSCHRIFT ESR VERARBEITUNG VOM 02.06.2022 KUNDENNUMMER 01-106299-9 PAKET ID: 220602CH00000IH8</AddtlNtryInf></Ntry><Ntry><Amt Ccy="CHF">59.90</Amt><CdtDbtInd>CRDT</CdtDbtInd><RvslInd>false</RvslInd><Sts>BOOK</Sts><BookgDt><Dt>2022-06-02</Dt></BookgDt><ValDt><Dt>2022-06-02</Dt></ValDt><AcctSvcrRef>1532400059221761</AcctSvcrRef><BkTxCd><Domn><Cd>PMNT</Cd><Fmly><Cd>MCRD</Cd><SubFmlyCd>POSP</SubFmlyCd></Fmly></Domn></BkTxCd><NtryDtls><TxDtls><Refs><AcctSvcrRef>1532400059221761</AcctSvcrRef></Refs><Amt Ccy="CHF">59.90</Amt><CdtDbtInd>CRDT</CdtDbtInd></TxDtls></NtryDtls><AddtlNtryInf>GUTSCHRIFT E-PAYMENT-TRANSAKTIONEN POSTFINANCE CARD EINLIEFERUNG VOM 01.06.2022 eversmart products Handels GmbH PFAQ08TZ0000001 www.fiebercheck.ch</AddtlNtryInf></Ntry><Ntry><Amt Ccy="CHF">89.90</Amt><CdtDbtInd>CRDT</CdtDbtInd><RvslInd>false</RvslInd><Sts>BOOK</Sts><BookgDt><Dt>2022-06-02</Dt></BookgDt><ValDt><Dt>2022-06-02</Dt></ValDt><AcctSvcrRef>1532400059221771</AcctSvcrRef><BkTxCd><Domn><Cd>PMNT</Cd><Fmly><Cd>MCRD</Cd><SubFmlyCd>POSP</SubFmlyCd></Fmly></Domn></BkTxCd><NtryDtls><TxDtls><Refs><AcctSvcrRef>1532400059221771</AcctSvcrRef></Refs><Amt Ccy="CHF">89.90</Amt><CdtDbtInd>CRDT</CdtDbtInd></TxDtls></NtryDtls><AddtlNtryInf>GUTSCHRIFT E-PAYMENT-TRANSAKTIONEN POSTFINANCE CARD EINLIEFERUNG VOM 01.06.2022 eversmart products Handels GmbH PFAQ08YK0000001 www.fersensporn-frei.ch</AddtlNtryInf></Ntry></Stmt></BkToCstmrStmt></Document>
