<?xml version="1.0" encoding="UTF-8"?>
<Document xmlns="urn:iso:std:iso:20022:tech:xsd:camt.053.001.04" xmlns:xsi="http://www.w3.org/2001/XMLSchema-instance" xsi:schemaLocation="urn:iso:std:iso:20022:tech:xsd:camt.053.001.04 camt.053.001.04.xsd"><BkToCstmrStmt><GrpHdr><MsgId>20220901375204919227626</MsgId><CreDtTm>2022-09-02T01:45:18</CreDtTm><MsgPgntn><PgNb>1</PgNb><LastPgInd>true</LastPgInd></MsgPgntn><AddtlInf>SPS/1.7/PROD</AddtlInf></GrpHdr><Stmt><Id>20220901375204919227632</Id><ElctrncSeqNb>171</ElctrncSeqNb><CreDtTm>2022-09-02T01:45:18</CreDtTm><FrToDt><FrDtTm>2022-09-01T00:00:00</FrDtTm><ToDtTm>2022-09-01T23:59:59</ToDtTm></FrToDt><Acct><Id><IBAN>CH9209000000414939852</IBAN></Id><Ownr><Nm>eversmart products Handels GmbH Pfäffikon SZ</Nm></Ownr></Acct><Bal><Tp><CdOrPrtry><Cd>OPBD</Cd></CdOrPrtry></Tp><Amt Ccy="CHF">74527.38</Amt><CdtDbtInd>CRDT</CdtDbtInd><Dt><Dt>2022-09-01</Dt></Dt></Bal><Bal><Tp><CdOrPrtry><Cd>CLBD</Cd></CdOrPrtry></Tp><Amt Ccy="CHF">92059.36</Amt><CdtDbtInd>CRDT</CdtDbtInd><Dt><Dt>2022-09-01</Dt></Dt></Bal><Bal><Tp><CdOrPrtry><Cd>CLAV</Cd></CdOrPrtry></Tp><Amt Ccy="CHF">92059.36</Amt><CdtDbtInd>CRDT</CdtDbtInd><Dt><Dt>2022-09-01</Dt></Dt></Bal><Ntry><NtryRef>CH9209000000414939852</NtryRef><Amt Ccy="CHF">69.80</Amt><CdtDbtInd>CRDT</CdtDbtInd><RvslInd>false</RvslInd><Sts>BOOK</Sts><BookgDt><Dt>2022-09-01</Dt></BookgDt><ValDt><Dt>2022-09-01</Dt></ValDt><AcctSvcrRef>2442201095CASIKK</AcctSvcrRef><BkTxCd><Domn><Cd>PMNT</Cd><Fmly><Cd>RCDT</Cd><SubFmlyCd>AUTT</SubFmlyCd></Fmly></Domn></BkTxCd><NtryDtls><Btch><NbOfTxs>1</NbOfTxs></Btch><TxDtls><Refs><AcctSvcrRef>220831CH095CASIK</AcctSvcrRef><InstrId>20220831000800035702050</InstrId><Prtry><Tp>00</Tp><Ref>220831CH095CASIK</Ref></Prtry></Refs><Amt Ccy="CHF">69.80</Amt><CdtDbtInd>CRDT</CdtDbtInd><BkTxCd><Domn><Cd>PMNT</Cd><Fmly><Cd>RCDT</Cd><SubFmlyCd>AUTT</SubFmlyCd></Fmly></Domn></BkTxCd><RltdPties><Dbtr><Nm>Cattin-Rüttimann Manuela</Nm><PstlAdr><StrtNm>Vorholzstrasse</StrtNm><BldgNb>8</BldgNb><PstCd>4542</PstCd><TwnNm>Luterbach</TwnNm><Ctry>CH</Ctry></PstlAdr></Dbtr><DbtrAcct><Id><IBAN>CH5009000000319025747</IBAN></Id></DbtrAcct><CdtrAcct><Id><IBAN>CH9209000000414939852</IBAN></Id></CdtrAcct></RltdPties><RltdAgts><DbtrAgt><FinInstnId><BICFI>POFICHBEXXX</BICFI><Nm>POSTFINANCE AG</Nm><PstlAdr><AdrLine>MINGERSTRASSE , 20</AdrLine><AdrLine>3030 BERN</AdrLine></PstlAdr></FinInstnId></DbtrAgt></RltdAgts><RmtInf><Strd><AddtlRmtInf>?REJECT?0</AddtlRmtInf><AddtlRmtInf>?ERROR?000</AddtlRmtInf></Strd></RmtInf><RltdDts><AccptncDtTm>2022-09-01T20:00:00</AccptncDtTm></RltdDts></TxDtls></NtryDtls><AddtlNtryInf>GUTSCHRIFT CH5009000000319025747 ABSENDER: CATTIN-RÜTTIMANN MANUELA VORHOLZSTRASSE 8 4542 LUTERBACH</AddtlNtryInf></Ntry><Ntry><NtryRef>CH9209000000414939852</NtryRef><Amt Ccy="CHF">799.00</Amt><CdtDbtInd>CRDT</CdtDbtInd><RvslInd>false</RvslInd><Sts>BOOK</Sts><BookgDt><Dt>2022-09-01</Dt></BookgDt><ValDt><Dt>2022-09-01</Dt></ValDt><AcctSvcrRef>2442201095G26J5K</AcctSvcrRef><BkTxCd><Domn><Cd>PMNT</Cd><Fmly><Cd>RCDT</Cd><SubFmlyCd>ATXN</SubFmlyCd></Fmly></Domn></BkTxCd><NtryDtls><Btch><NbOfTxs>1</NbOfTxs></Btch><TxDtls><Refs><AcctSvcrRef>220901CH095G26J5</AcctSvcrRef><InstrId>20831009709.0001</InstrId><EndToEndId>NOTPROVIDED</EndToEndId><Prtry><Tp>00</Tp><Ref>220901CH095G26J5</Ref></Prtry></Refs><Amt Ccy="CHF">799.00</Amt><CdtDbtInd>CRDT</CdtDbtInd><BkTxCd><Domn><Cd>PMNT</Cd><Fmly><Cd>RCDT</Cd><SubFmlyCd>ATXN</SubFmlyCd></Fmly></Domn></BkTxCd><RltdPties><Dbtr><Nm>Evequoz A. et Kalibala J.</Nm><PstlAdr><StrtNm>Avenue de France</StrtNm><BldgNb>31</BldgNb><PstCd>1202</PstCd><TwnNm>Geneve</TwnNm><Ctry>CH</Ctry></PstlAdr></Dbtr><DbtrAcct><Id><IBAN>CH2500788000050454342</IBAN></Id></DbtrAcct><CdtrAcct><Id><IBAN>CH9209000000414939852</IBAN></Id></CdtrAcct></RltdPties><RltdAgts><DbtrAgt><FinInstnId><ClrSysMmbId><MmbId>788</MmbId></ClrSysMmbId><Nm>Banque Cantonale de Genève</Nm><PstlAdr><AdrLine>1211 Genève 2</AdrLine></PstlAdr></FinInstnId></DbtrAgt></RltdAgts><RmtInf><Ustrd>Ihre Bestellung bei Mein-stehtisch.</Ustrd><Ustrd>ch 9664</Ustrd><Strd><AddtlRmtInf>?REJECT?0</AddtlRmtInf><AddtlRmtInf>?ERROR?000</AddtlRmtInf></Strd></RmtInf><RltdDts><AccptncDtTm>2022-09-01T20:00:00</AccptncDtTm></RltdDts></TxDtls></NtryDtls><AddtlNtryInf>GUTSCHRIFT AUFTRAGGEBER: EVEQUOZ A. ET KALIBALA J. AVENUE DE FRANCE 31 1202 GENEVE MITTEILUNGEN: IHRE BESTELLUNG BEI MEIN-STEHTISCH. CH 9664 REFERENZEN: NOTPROVIDED 20831009709.0001 220901CH095G26J5</AddtlNtryInf></Ntry><Ntry><NtryRef>CH9209000000414939852</NtryRef><Amt Ccy="CHF">149.90</Amt><CdtDbtInd>CRDT</CdtDbtInd><RvslInd>false</RvslInd><Sts>BOOK</Sts><BookgDt><Dt>2022-09-01</Dt></BookgDt><ValDt><Dt>2022-09-01</Dt></ValDt><AcctSvcrRef>24422010938QA23K</AcctSvcrRef><BkTxCd><Domn><Cd>PMNT</Cd><Fmly><Cd>RCDT</Cd><SubFmlyCd>AUTT</SubFmlyCd></Fmly></Domn></BkTxCd><NtryDtls><Btch><NbOfTxs>1</NbOfTxs></Btch><TxDtls><Refs><AcctSvcrRef>220819CH0938QA23</AcctSvcrRef><InstrId>20220819000800803405990</InstrId><Prtry><Tp>00</Tp><Ref>220819CH0938QA23</Ref></Prtry></Refs><Amt Ccy="CHF">149.90</Amt><CdtDbtInd>CRDT</CdtDbtInd><BkTxCd><Domn><Cd>PMNT</Cd><Fmly><Cd>RCDT</Cd><SubFmlyCd>AUTT</SubFmlyCd></Fmly></Domn></BkTxCd><RltdPties><Dbtr><Nm>Hunkeler Roland</Nm><PstlAdr><StrtNm>Rösernstrasse</StrtNm><BldgNb>5</BldgNb><PstCd>4410</PstCd><TwnNm>Liestal</TwnNm><Ctry>CH</Ctry></PstlAdr></Dbtr><DbtrAcct><Id><IBAN>CH0909000000400883136</IBAN></Id></DbtrAcct><CdtrAcct><Id><IBAN>CH9209000000414939852</IBAN></Id></CdtrAcct></RltdPties><RltdAgts><DbtrAgt><FinInstnId><BICFI>POFICHBEXXX</BICFI><Nm>POSTFINANCE AG</Nm><PstlAdr><AdrLine>MINGERSTRASSE , 20</AdrLine><AdrLine>3030 BERN</AdrLine></PstlAdr></FinInstnId></DbtrAgt></RltdAgts><RmtInf><Ustrd>RE-91595</Ustrd><Strd><AddtlRmtInf>?REJECT?0</AddtlRmtInf><AddtlRmtInf>?ERROR?000</AddtlRmtInf></Strd></RmtInf><RltdDts><AccptncDtTm>2022-09-01T20:00:00</AccptncDtTm></RltdDts></TxDtls></NtryDtls><AddtlNtryInf>GUTSCHRIFT CH0909000000400883136 ABSENDER: HUNKELER ROLAND RÖSERNSTRASSE 5 4410 LIESTAL MITTEILUNGEN: RE-91595</AddtlNtryInf></Ntry><Ntry><Amt Ccy="CHF">1191.50</Amt><CdtDbtInd>DBIT</CdtDbtInd><RvslInd>false</RvslInd><Sts>BOOK</Sts><BookgDt><Dt>2022-09-01</Dt></BookgDt><ValDt><Dt>2022-09-01</Dt></ValDt><AcctSvcrRef>2442200095ES3R6K</AcctSvcrRef><BkTxCd><Domn><Cd>PMNT</Cd><Fmly><Cd>ICDT</Cd><SubFmlyCd>DMCT</SubFmlyCd></Fmly></Domn></BkTxCd><NtryDtls><TxDtls><Refs><MsgId>25:652309160</MsgId><AcctSvcrRef>25-652309160-1</AcctSvcrRef><PmtInfId>SO:13558188</PmtInfId></Refs><Amt Ccy="CHF">1191.50</Amt><CdtDbtInd>DBIT</CdtDbtInd><BkTxCd><Domn><Cd>PMNT</Cd><Fmly><Cd>ICDT</Cd><SubFmlyCd>DMCT</SubFmlyCd></Fmly></Domn></BkTxCd><RltdPties><Cdtr><Nm>BMW Finanzdiestleistungen (Schweiz) AG</Nm><PstlAdr><Ctry>CH</Ctry></PstlAdr></Cdtr><CdtrAcct><Id><IBAN>CH6430211000001080689</IBAN></Id></CdtrAcct></RltdPties><RltdAgts><CdtrAgt><FinInstnId><BICFI>BBRUCHGTXXX</BICFI><Nm>ING Bank N.V., Amsterdam,succursale de Lancy/Genè</Nm><PstlAdr><Ctry>CH</Ctry><AdrLine>Avenue de Morgines 10 1213 Petit-Lancy</AdrLine></PstlAdr></FinInstnId></CdtrAgt></RltdAgts><RmtInf><Strd><CdtrRefInf><Tp><CdOrPrtry><Prtry>QRR</Prtry></CdOrPrtry></Tp><Ref>130780500150040424300000018</Ref></CdtrRefInf><AddtlRmtInf>Taycan Leasing</AddtlRmtInf></Strd></RmtInf></TxDtls></NtryDtls><AddtlNtryInf>LASTSCHRIFT DAUERAUFTRAG: 90-13558188 ING BANK N.V., AMSTERDAM, SUCCURSALE DE LANCY/GENÈ AVENUE DE MORGINES 10 1213 PETIT-LANCY CH6430211000001080689 BMW FINANZDIESTLEISTUNGEN (SCHWEIZ)  AG SENDER REFERENZ: TAYCAN LEASING</AddtlNtryInf></Ntry><Ntry><NtryRef>CH9209000000414939852</NtryRef><Amt Ccy="CHF">236.30</Amt><CdtDbtInd>CRDT</CdtDbtInd><RvslInd>false</RvslInd><Sts>BOOK</Sts><BookgDt><Dt>2022-09-01</Dt></BookgDt><ValDt><Dt>2022-09-01</Dt></ValDt><AcctSvcrRef>2442201095J79ZOK</AcctSvcrRef><BkTxCd><Domn><Cd>PMNT</Cd><Fmly><Cd>RCDT</Cd><SubFmlyCd>ATXN</SubFmlyCd></Fmly></Domn></BkTxCd><NtryDtls><Btch><NbOfTxs>1</NbOfTxs></Btch><TxDtls><Refs><AcctSvcrRef>220901CH095J79ZO</AcctSvcrRef><InstrId>LON03245863777</InstrId><EndToEndId>NOTPROVIDED</EndToEndId><Prtry><Tp>00</Tp><Ref>220901CH095J79ZO</Ref></Prtry></Refs><Amt Ccy="CHF">236.30</Amt><CdtDbtInd>CRDT</CdtDbtInd><BkTxCd><Domn><Cd>PMNT</Cd><Fmly><Cd>RCDT</Cd><SubFmlyCd>ATXN</SubFmlyCd></Fmly></Domn></BkTxCd><RltdPties><Dbtr><Nm>STRIPE PAYMENTS UK LTD</Nm><PstlAdr><AdrLine>9TH FLOOR, 107 CHEAPSIDE GB - LONDO</AdrLine><AdrLine>N EC2V 6DN</AdrLine></PstlAdr></Dbtr><DbtrAcct><Id><IBAN>DK6289000000010375</IBAN></Id></DbtrAcct><CdtrAcct><Id><IBAN>CH9209000000414939852</IBAN></Id></CdtrAcct></RltdPties><RltdAgts><DbtrAgt><FinInstnId><BICFI>CITIGB2LXXX</BICFI><Nm>CITIBANK N.A.</Nm><PstlAdr><AdrLine>CITIBANK CENTRE25 CANADA SQUARE</AdrLine><AdrLine>E14 5LB LONDON</AdrLine></PstlAdr></FinInstnId></DbtrAgt></RltdAgts><RmtInf><Ustrd>STRIPE W8J2T3</Ustrd><Strd><AddtlRmtInf>?REJECT?0</AddtlRmtInf><AddtlRmtInf>?ERROR?000</AddtlRmtInf></Strd></RmtInf><RltdDts><AccptncDtTm>2022-09-01T20:00:00</AccptncDtTm></RltdDts></TxDtls></NtryDtls><AddtlNtryInf>GUTSCHRIFT AUFTRAGGEBER: STRIPE PAYMENTS UK LTD 9TH FLOOR, 107 CHEAPSIDE GB - LONDO N EC2V 6DN MITTEILUNGEN: STRIPE W8J2T3 SPESENBETRAG 0.00 CHF SHA REFERENZEN: NOTPROVIDED LON03245863777 220901CH095J79ZO</AddtlNtryInf></Ntry><Ntry><NtryRef>CH9209000000414939852</NtryRef><Amt Ccy="CHF">4451.65</Amt><CdtDbtInd>CRDT</CdtDbtInd><RvslInd>false</RvslInd><Sts>BOOK</Sts><BookgDt><Dt>2022-09-01</Dt></BookgDt><ValDt><Dt>2022-09-01</Dt></ValDt><AcctSvcrRef>244220009586GW9K</AcctSvcrRef><BkTxCd><Domn><Cd>PMNT</Cd><Fmly><Cd>RCDT</Cd><SubFmlyCd>AUTT</SubFmlyCd></Fmly></Domn></BkTxCd><NtryDtls><Btch><NbOfTxs>1</NbOfTxs></Btch><TxDtls><Refs><MsgId>TWINT20220830-101-Merchant</MsgId><AcctSvcrRef>220831CH09586GW9</AcctSvcrRef><PmtInfId>TWINT20220830-101-Merchant-B1</PmtInfId><InstrId>35c10a52e7714ae898192bfa1e0bf184</InstrId><EndToEndId>TWINT20220830-101-Merchant-B1</EndToEndId><Prtry><Tp>00</Tp><Ref>220831CH09586GW9</Ref></Prtry></Refs><Amt Ccy="CHF">4451.65</Amt><CdtDbtInd>CRDT</CdtDbtInd><BkTxCd><Domn><Cd>PMNT</Cd><Fmly><Cd>RCDT</Cd><SubFmlyCd>AUTT</SubFmlyCd></Fmly></Domn></BkTxCd><RltdPties><Dbtr><Nm>TWINT Acquiring AG</Nm><PstlAdr><StrtNm>Stauffacherstrasse</StrtNm><BldgNb>41</BldgNb><PstCd>8004</PstCd><TwnNm>Zürich</TwnNm><Ctry>CH</Ctry></PstlAdr></Dbtr><DbtrAcct><Id><IBAN>CH6609000000313087410</IBAN></Id></DbtrAcct><CdtrAcct><Id><IBAN>CH9209000000414939852</IBAN></Id></CdtrAcct></RltdPties><RltdAgts><DbtrAgt><FinInstnId><BICFI>POFICHBEXXX</BICFI><Nm>POSTFINANCE AG</Nm><PstlAdr><AdrLine>MINGERSTRASSE , 20</AdrLine><AdrLine>3030 BERN</AdrLine></PstlAdr></FinInstnId></DbtrAgt></RltdAgts><RmtInf><Ustrd>999999 TWINT TWINT Auszahlungen Pay</Ustrd><Ustrd>out 20220831                       </Ustrd><Ustrd>   Gross: 4510.31 Fees: -58.66</Ustrd><Strd><AddtlRmtInf>?REJECT?0</AddtlRmtInf><AddtlRmtInf>?ERROR?000</AddtlRmtInf></Strd></RmtInf><RltdDts><AccptncDtTm>2022-09-01T20:00:00</AccptncDtTm></RltdDts></TxDtls></NtryDtls><AddtlNtryInf>GUTSCHRIFT CH6609000000313087410 ABSENDER: TWINT ACQUIRING AG STAUFFACHERSTRASSE 41 8004 ZÜRICH MITTEILUNGEN: 999999 TWINT TWINT AUSZAHLUNGEN PAY OUT 20220831                           GROSS: 4510.31 FEES: -58.66 REFERENZEN: TWINT20220830-101-MERCHANT-B1</AddtlNtryInf></Ntry><Ntry><NtryRef>CH9209000000414939852</NtryRef><Amt Ccy="CHF">59.90</Amt><CdtDbtInd>CRDT</CdtDbtInd><RvslInd>false</RvslInd><Sts>BOOK</Sts><BookgDt><Dt>2022-09-01</Dt></BookgDt><ValDt><Dt>2022-09-01</Dt></ValDt><AcctSvcrRef>2442201095JXVKQK</AcctSvcrRef><BkTxCd><Domn><Cd>PMNT</Cd><Fmly><Cd>RCDT</Cd><SubFmlyCd>ATXN</SubFmlyCd></Fmly></Domn></BkTxCd><NtryDtls><Btch><NbOfTxs>1</NbOfTxs></Btch><TxDtls><Refs><AcctSvcrRef>220901CH095JXVKQ</AcctSvcrRef><InstrId>16861851799/6XXX</InstrId><EndToEndId>NOTPROVIDED</EndToEndId><Prtry><Tp>00</Tp><Ref>220901CH095JXVKQ</Ref></Prtry></Refs><Amt Ccy="CHF">59.90</Amt><CdtDbtInd>CRDT</CdtDbtInd><BkTxCd><Domn><Cd>PMNT</Cd><Fmly><Cd>RCDT</Cd><SubFmlyCd>ATXN</SubFmlyCd></Fmly></Domn></BkTxCd><RltdPties><Dbtr><Nm>Daniela Baumann</Nm><PstlAdr><AdrLine>Jaggisbach 59A</AdrLine><AdrLine>3202 Frauenkappelen</AdrLine></PstlAdr></Dbtr><DbtrAcct><Id><IBAN>CH6680808009247152573</IBAN></Id></DbtrAcct><CdtrAcct><Id><IBAN>CH9209000000414939852</IBAN></Id></CdtrAcct></RltdPties><RltdAgts><DbtrAgt><FinInstnId><ClrSysMmbId><MmbId>80905</MmbId></ClrSysMmbId><Nm>Raiffeisenbank Sensetal</Nm><PstlAdr><AdrLine>Bernstrasse 15</AdrLine><AdrLine>3175 Flamatt</AdrLine></PstlAdr></FinInstnId></DbtrAgt></RltdAgts><RmtInf><Strd><AddtlRmtInf>?REJECT?0</AddtlRmtInf><AddtlRmtInf>?ERROR?000</AddtlRmtInf></Strd></RmtInf><RltdDts><AccptncDtTm>2022-09-01T20:00:00</AccptncDtTm></RltdDts></TxDtls></NtryDtls><AddtlNtryInf>GUTSCHRIFT AUFTRAGGEBER: DANIELA BAUMANN JAGGISBACH 59A 3202 FRAUENKAPPELEN REFERENZEN: NOTPROVIDED 16861851799/6XXX 220901CH095JXVKQ</AddtlNtryInf></Ntry><Ntry><NtryRef>CH9209000000414939852</NtryRef><Amt Ccy="CHF">59.90</Amt><CdtDbtInd>CRDT</CdtDbtInd><RvslInd>false</RvslInd><Sts>BOOK</Sts><BookgDt><Dt>2022-09-01</Dt></BookgDt><ValDt><Dt>2022-09-01</Dt></ValDt><AcctSvcrRef>2442201095L98UZK</AcctSvcrRef><BkTxCd><Domn><Cd>PMNT</Cd><Fmly><Cd>RCDT</Cd><SubFmlyCd>ATXN</SubFmlyCd></Fmly></Domn></BkTxCd><NtryDtls><Btch><NbOfTxs>1</NbOfTxs></Btch><TxDtls><Refs><AcctSvcrRef>220901CH095L98UZ</AcctSvcrRef><InstrId>9974244TI8954483</InstrId><EndToEndId>NOTPROVIDED</EndToEndId><Prtry><Tp>00</Tp><Ref>220901CH095L98UZ</Ref></Prtry></Refs><Amt Ccy="CHF">59.90</Amt><CdtDbtInd>CRDT</CdtDbtInd><BkTxCd><Domn><Cd>PMNT</Cd><Fmly><Cd>RCDT</Cd><SubFmlyCd>ATXN</SubFmlyCd></Fmly></Domn></BkTxCd><RltdPties><Dbtr><Nm>MARKUS ERICH HAUETER</Nm><PstlAdr><AdrLine>SPITTELGASSE 14 CH 6055 ALPNACH DOR</AdrLine><AdrLine>F</AdrLine></PstlAdr></Dbtr><DbtrAcct><Id><IBAN>CH870027427480613741Q</IBAN></Id></DbtrAcct><CdtrAcct><Id><IBAN>CH9209000000414939852</IBAN></Id></CdtrAcct></RltdPties><RltdAgts><DbtrAgt><FinInstnId><ClrSysMmbId><MmbId>274</MmbId></ClrSysMmbId><Nm>UBS Switzerland AG</Nm><PstlAdr><AdrLine>Bleicherweg 30</AdrLine><AdrLine>8098 Zürich</AdrLine></PstlAdr></FinInstnId></DbtrAgt></RltdAgts><RmtInf><Ustrd>RE 91839 </Ustrd><Strd><AddtlRmtInf>?REJECT?0</AddtlRmtInf><AddtlRmtInf>?ERROR?000</AddtlRmtInf></Strd></RmtInf><RltdDts><AccptncDtTm>2022-09-01T20:00:00</AccptncDtTm></RltdDts></TxDtls></NtryDtls><AddtlNtryInf>GUTSCHRIFT AUFTRAGGEBER: MARKUS ERICH HAUETER SPITTELGASSE 14 CH 6055 ALPNACH DOR F MITTEILUNGEN: RE 91839  SPESENBETRAG 0.00 CHF SHA REFERENZEN: NOTPROVIDED 9974244TI8954483 220901CH095L98UZ</AddtlNtryInf></Ntry><Ntry><NtryRef>CH4330000001414939852</NtryRef><Amt Ccy="CHF">12843.42</Amt><CdtDbtInd>CRDT</CdtDbtInd><RvslInd>false</RvslInd><Sts>BOOK</Sts><BookgDt><Dt>2022-09-01</Dt></BookgDt><ValDt><Dt>2022-09-01</Dt></ValDt><AcctSvcrRef>2442200095NLGO2U</AcctSvcrRef><BkTxCd><Domn><Cd>PMNT</Cd><Fmly><Cd>RCDT</Cd><SubFmlyCd>VCOM</SubFmlyCd></Fmly></Domn></BkTxCd><Chrgs><TtlChrgsAndTaxAmt Ccy="CHF">7.14</TtlChrgsAndTaxAmt><Rcrd><Amt Ccy="CHF">6.30</Amt><CdtDbtInd>DBIT</CdtDbtInd><ChrgInclInd>false</ChrgInclInd><Tp><Prtry><Id>2</Id></Prtry></Tp></Rcrd><Rcrd><Amt Ccy="CHF">0.80</Amt><CdtDbtInd>DBIT</CdtDbtInd><ChrgInclInd>false</ChrgInclInd><Tp><Prtry><Id>5</Id></Prtry></Tp></Rcrd><Rcrd><Amt Ccy="CHF">0.04</Amt><CdtDbtInd>DBIT</CdtDbtInd><ChrgInclInd>false</ChrgInclInd><Tp><Prtry><Id>4</Id></Prtry></Tp></Rcrd></Chrgs><NtryDtls><TxDtls><Refs><AcctSvcrRef>2442200095NLGO2U</AcctSvcrRef></Refs><Amt Ccy="CHF">12843.42</Amt><CdtDbtInd>CRDT</CdtDbtInd></TxDtls></NtryDtls><AddtlNtryInf>SAMMELGUTSCHRIFT FÜR KONTO: CH4330000001414939852 VERARBEITUNG VOM 01.09.2022 PAKET ID: 220901CH000008BN</AddtlNtryInf></Ntry><Ntry><NtryRef>CH9530000002414939852</NtryRef><Amt Ccy="CHF">49.90</Amt><CdtDbtInd>CRDT</CdtDbtInd><RvslInd>false</RvslInd><Sts>BOOK</Sts><BookgDt><Dt>2022-09-01</Dt></BookgDt><ValDt><Dt>2022-09-01</Dt></ValDt><AcctSvcrRef>2442200095NLK42U</AcctSvcrRef><BkTxCd><Domn><Cd>PMNT</Cd><Fmly><Cd>RCDT</Cd><SubFmlyCd>VCOM</SubFmlyCd></Fmly></Domn></BkTxCd><NtryDtls><TxDtls><Refs><AcctSvcrRef>2442200095NLK42U</AcctSvcrRef></Refs><Amt Ccy="CHF">49.90</Amt><CdtDbtInd>CRDT</CdtDbtInd></TxDtls></NtryDtls><AddtlNtryInf>SAMMELGUTSCHRIFT FÜR KONTO: CH9530000002414939852 VERARBEITUNG VOM 01.09.2022 PAKET ID: 220901CH00000DYH</AddtlNtryInf></Ntry><Ntry><Amt Ccy="CHF">99.80</Amt><CdtDbtInd>CRDT</CdtDbtInd><RvslInd>false</RvslInd><Sts>BOOK</Sts><BookgDt><Dt>2022-09-01</Dt></BookgDt><ValDt><Dt>2022-09-01</Dt></ValDt><AcctSvcrRef>2442400200786435</AcctSvcrRef><BkTxCd><Domn><Cd>PMNT</Cd><Fmly><Cd>MCRD</Cd><SubFmlyCd>POSP</SubFmlyCd></Fmly></Domn></BkTxCd><NtryDtls><TxDtls><Refs><AcctSvcrRef>2442400200786435</AcctSvcrRef></Refs><Amt Ccy="CHF">99.80</Amt><CdtDbtInd>CRDT</CdtDbtInd></TxDtls></NtryDtls><AddtlNtryInf>GUTSCHRIFT E-PAYMENT-TRANSAKTIONEN POSTFINANCE CARD EINLIEFERUNG VOM 31.08.2022 EVERSMART PRODUCTS HANDELS GMBH PFAQ08UD0000001 WWW.AUGENGOLD.CH</AddtlNtryInf></Ntry><Ntry><Amt Ccy="CHF">1.95</Amt><CdtDbtInd>DBIT</CdtDbtInd><RvslInd>false</RvslInd><Sts>BOOK</Sts><BookgDt><Dt>2022-09-01</Dt></BookgDt><ValDt><Dt>2022-09-01</Dt></ValDt><AcctSvcrRef>2442400201729584</AcctSvcrRef><BkTxCd><Domn><Cd>PMNT</Cd><Fmly><Cd>CCRD</Cd><SubFmlyCd>CHRG</SubFmlyCd></Fmly></Domn></BkTxCd><NtryDtls><TxDtls><Refs><AcctSvcrRef>2442400201729584</AcctSvcrRef></Refs><Amt Ccy="CHF">1.95</Amt><CdtDbtInd>DBIT</CdtDbtInd></TxDtls></NtryDtls><AddtlNtryInf>PREIS FÜR E-PAYMENT POSTFINANCE CARD AB CHF 25.01 (EUR 17.01) WWW.AUGENGOLD.CH ANZAHL TRANSAKTIONEN: 2 UMSATZ CHF 149.70 AUGUST 2022</AddtlNtryInf></Ntry><Ntry><Amt Ccy="CHF">1.94</Amt><CdtDbtInd>DBIT</CdtDbtInd><RvslInd>false</RvslInd><Sts>BOOK</Sts><BookgDt><Dt>2022-09-01</Dt></BookgDt><ValDt><Dt>2022-09-01</Dt></ValDt><AcctSvcrRef>2442400201729616</AcctSvcrRef><BkTxCd><Domn><Cd>PMNT</Cd><Fmly><Cd>CCRD</Cd><SubFmlyCd>CHRG</SubFmlyCd></Fmly></Domn></BkTxCd><NtryDtls><TxDtls><Refs><AcctSvcrRef>2442400201729616</AcctSvcrRef></Refs><Amt Ccy="CHF">1.94</Amt><CdtDbtInd>DBIT</CdtDbtInd></TxDtls></NtryDtls><AddtlNtryInf>PREIS FÜR E-PAYMENT POSTFINANCE CARD AB CHF 25.01 (EUR 17.01) RELAXONIC.CH ANZAHL TRANSAKTIONEN: 1 UMSATZ CHF 149.00 AUGUST 2022</AddtlNtryInf></Ntry><Ntry><Amt Ccy="CHF">1.56</Amt><CdtDbtInd>DBIT</CdtDbtInd><RvslInd>false</RvslInd><Sts>BOOK</Sts><BookgDt><Dt>2022-09-01</Dt></BookgDt><ValDt><Dt>2022-09-01</Dt></ValDt><AcctSvcrRef>2442400201729618</AcctSvcrRef><BkTxCd><Domn><Cd>PMNT</Cd><Fmly><Cd>CCRD</Cd><SubFmlyCd>CHRG</SubFmlyCd></Fmly></Domn></BkTxCd><NtryDtls><TxDtls><Refs><AcctSvcrRef>2442400201729618</AcctSvcrRef></Refs><Amt Ccy="CHF">1.56</Amt><CdtDbtInd>DBIT</CdtDbtInd></TxDtls></NtryDtls><AddtlNtryInf>PREIS FÜR E-PAYMENT POSTFINANCE E-FINANCE AB CHF 25.01 (EUR 17.01) WWW.BRUXIMA.CH ANZAHL TRANSAKTIONEN: 1 UMSATZ CHF 119.90 AUGUST 2022</AddtlNtryInf></Ntry><Ntry><Amt Ccy="CHF">1.56</Amt><CdtDbtInd>DBIT</CdtDbtInd><RvslInd>false</RvslInd><Sts>BOOK</Sts><BookgDt><Dt>2022-09-01</Dt></BookgDt><ValDt><Dt>2022-09-01</Dt></ValDt><AcctSvcrRef>2442400201729621</AcctSvcrRef><BkTxCd><Domn><Cd>PMNT</Cd><Fmly><Cd>CCRD</Cd><SubFmlyCd>CHRG</SubFmlyCd></Fmly></Domn></BkTxCd><NtryDtls><TxDtls><Refs><AcctSvcrRef>2442400201729621</AcctSvcrRef></Refs><Amt Ccy="CHF">1.56</Amt><CdtDbtInd>DBIT</CdtDbtInd></TxDtls></NtryDtls><AddtlNtryInf>PREIS FÜR E-PAYMENT POSTFINANCE CARD AB CHF 25.01 (EUR 17.01) WWW.LOEWENHAAR.CH ANZAHL TRANSAKTIONEN: 2 UMSATZ CHF 119.80 AUGUST 2022</AddtlNtryInf></Ntry><Ntry><Amt Ccy="CHF">0.78</Amt><CdtDbtInd>DBIT</CdtDbtInd><RvslInd>false</RvslInd><Sts>BOOK</Sts><BookgDt><Dt>2022-09-01</Dt></BookgDt><ValDt><Dt>2022-09-01</Dt></ValDt><AcctSvcrRef>2442400201729630</AcctSvcrRef><BkTxCd><Domn><Cd>PMNT</Cd><Fmly><Cd>CCRD</Cd><SubFmlyCd>CHRG</SubFmlyCd></Fmly></Domn></BkTxCd><NtryDtls><TxDtls><Refs><AcctSvcrRef>2442400201729630</AcctSvcrRef></Refs><Amt Ccy="CHF">0.78</Amt><CdtDbtInd>DBIT</CdtDbtInd></TxDtls></NtryDtls><AddtlNtryInf>PREIS FÜR E-PAYMENT POSTFINANCE E-FINANCE AB CHF 25.01 (EUR 17.01) WWW.HALLUX-SCHIENE.CH ANZAHL TRANSAKTIONEN: 1 UMSATZ CHF 59.90 AUGUST 2022</AddtlNtryInf></Ntry><Ntry><Amt Ccy="CHF">4.93</Amt><CdtDbtInd>DBIT</CdtDbtInd><RvslInd>false</RvslInd><Sts>BOOK</Sts><BookgDt><Dt>2022-09-01</Dt></BookgDt><ValDt><Dt>2022-09-01</Dt></ValDt><AcctSvcrRef>2442400201733860</AcctSvcrRef><BkTxCd><Domn><Cd>PMNT</Cd><Fmly><Cd>CCRD</Cd><SubFmlyCd>CHRG</SubFmlyCd></Fmly></Domn></BkTxCd><NtryDtls><TxDtls><Refs><AcctSvcrRef>2442400201733860</AcctSvcrRef></Refs><Amt Ccy="CHF">4.93</Amt><CdtDbtInd>DBIT</CdtDbtInd></TxDtls></NtryDtls><AddtlNtryInf>PREIS FÜR E-PAYMENT POSTFINANCE CARD AB CHF 25.01 (EUR 17.01) WWW.NAGELPILZ-ENTFERNEN.CH ANZAHL TRANSAKTIONEN: 3 UMSATZ CHF 379.50 AUGUST 2022</AddtlNtryInf></Ntry><Ntry><Amt Ccy="CHF">15.17</Amt><CdtDbtInd>DBIT</CdtDbtInd><RvslInd>false</RvslInd><Sts>BOOK</Sts><BookgDt><Dt>2022-09-01</Dt></BookgDt><ValDt><Dt>2022-09-01</Dt></ValDt><AcctSvcrRef>2442400201732648</AcctSvcrRef><BkTxCd><Domn><Cd>PMNT</Cd><Fmly><Cd>CCRD</Cd><SubFmlyCd>CHRG</SubFmlyCd></Fmly></Domn></BkTxCd><NtryDtls><TxDtls><Refs><AcctSvcrRef>2442400201732648</AcctSvcrRef></Refs><Amt Ccy="CHF">15.17</Amt><CdtDbtInd>DBIT</CdtDbtInd></TxDtls></NtryDtls><AddtlNtryInf>PREIS FÜR E-PAYMENT POSTFINANCE E-FINANCE AB CHF 25.01 (EUR 17.01) WWW.MEIN-STEHTISCH.CH ANZAHL TRANSAKTIONEN: 1 UMSATZ CHF 1167.00 AUGUST 2022</AddtlNtryInf></Ntry><Ntry><Amt Ccy="CHF">40.73</Amt><CdtDbtInd>DBIT</CdtDbtInd><RvslInd>false</RvslInd><Sts>BOOK</Sts><BookgDt><Dt>2022-09-01</Dt></BookgDt><ValDt><Dt>2022-09-01</Dt></ValDt><AcctSvcrRef>2442400201736041</AcctSvcrRef><BkTxCd><Domn><Cd>PMNT</Cd><Fmly><Cd>CCRD</Cd><SubFmlyCd>CHRG</SubFmlyCd></Fmly></Domn></BkTxCd><NtryDtls><TxDtls><Refs><AcctSvcrRef>2442400201736041</AcctSvcrRef></Refs><Amt Ccy="CHF">40.73</Amt><CdtDbtInd>DBIT</CdtDbtInd></TxDtls></NtryDtls><AddtlNtryInf>PREIS FÜR E-PAYMENT POSTFINANCE CARD AB CHF 25.01 (EUR 17.01) WWW.MEIN-STEHTISCH.CH ANZAHL TRANSAKTIONEN: 3 UMSATZ CHF 3133.00 AUGUST 2022</AddtlNtryInf></Ntry><Ntry><Amt Ccy="CHF">0.65</Amt><CdtDbtInd>DBIT</CdtDbtInd><RvslInd>false</RvslInd><Sts>BOOK</Sts><BookgDt><Dt>2022-09-01</Dt></BookgDt><ValDt><Dt>2022-09-01</Dt></ValDt><AcctSvcrRef>2442400201744015</AcctSvcrRef><BkTxCd><Domn><Cd>PMNT</Cd><Fmly><Cd>CCRD</Cd><SubFmlyCd>CHRG</SubFmlyCd></Fmly></Domn></BkTxCd><NtryDtls><TxDtls><Refs><AcctSvcrRef>2442400201744015</AcctSvcrRef></Refs><Amt Ccy="CHF">0.65</Amt><CdtDbtInd>DBIT</CdtDbtInd></TxDtls></NtryDtls><AddtlNtryInf>PREIS FÜR E-PAYMENT POSTFINANCE CARD AB CHF 25.01 (EUR 17.01) WWW.ROADTRIP77.CH ANZAHL TRANSAKTIONEN: 1 UMSATZ CHF 49.90 AUGUST 2022</AddtlNtryInf></Ntry><Ntry><Amt Ccy="CHF">3.12</Amt><CdtDbtInd>DBIT</CdtDbtInd><RvslInd>false</RvslInd><Sts>BOOK</Sts><BookgDt><Dt>2022-09-01</Dt></BookgDt><ValDt><Dt>2022-09-01</Dt></ValDt><AcctSvcrRef>2442400201744073</AcctSvcrRef><BkTxCd><Domn><Cd>PMNT</Cd><Fmly><Cd>CCRD</Cd><SubFmlyCd>CHRG</SubFmlyCd></Fmly></Domn></BkTxCd><NtryDtls><TxDtls><Refs><AcctSvcrRef>2442400201744073</AcctSvcrRef></Refs><Amt Ccy="CHF">3.12</Amt><CdtDbtInd>DBIT</CdtDbtInd></TxDtls></NtryDtls><AddtlNtryInf>PREIS FÜR E-PAYMENT POSTFINANCE CARD AB CHF 25.01 (EUR 17.01) WWW.FERSENSPORN-FREI.CH ANZAHL TRANSAKTIONEN: 3 UMSATZ CHF 239.70 AUGUST 2022</AddtlNtryInf></Ntry><Ntry><Amt Ccy="CHF">0.39</Amt><CdtDbtInd>DBIT</CdtDbtInd><RvslInd>false</RvslInd><Sts>BOOK</Sts><BookgDt><Dt>2022-09-01</Dt></BookgDt><ValDt><Dt>2022-09-01</Dt></ValDt><AcctSvcrRef>2442400201743993</AcctSvcrRef><BkTxCd><Domn><Cd>PMNT</Cd><Fmly><Cd>CCRD</Cd><SubFmlyCd>CHRG</SubFmlyCd></Fmly></Domn></BkTxCd><NtryDtls><TxDtls><Refs><AcctSvcrRef>2442400201743993</AcctSvcrRef></Refs><Amt Ccy="CHF">0.39</Amt><CdtDbtInd>DBIT</CdtDbtInd></TxDtls></NtryDtls><AddtlNtryInf>PREIS FÜR E-PAYMENT POSTFINANCE CARD AB CHF 25.01 (EUR 17.01) HTTPS://KOPI-LUWAK.CH ANZAHL TRANSAKTIONEN: 1 UMSATZ CHF 29.90 AUGUST 2022</AddtlNtryInf></Ntry><Ntry><Amt Ccy="CHF">1.04</Amt><CdtDbtInd>DBIT</CdtDbtInd><RvslInd>false</RvslInd><Sts>BOOK</Sts><BookgDt><Dt>2022-09-01</Dt></BookgDt><ValDt><Dt>2022-09-01</Dt></ValDt><AcctSvcrRef>2442400201742742</AcctSvcrRef><BkTxCd><Domn><Cd>PMNT</Cd><Fmly><Cd>CCRD</Cd><SubFmlyCd>CHRG</SubFmlyCd></Fmly></Domn></BkTxCd><NtryDtls><TxDtls><Refs><AcctSvcrRef>2442400201742742</AcctSvcrRef></Refs><Amt Ccy="CHF">1.04</Amt><CdtDbtInd>DBIT</CdtDbtInd></TxDtls></NtryDtls><AddtlNtryInf>PREIS FÜR E-PAYMENT POSTFINANCE CARD AB CHF 25.01 (EUR 17.01) WWW.AIR-HALLUX.CH ANZAHL TRANSAKTIONEN: 1 UMSATZ CHF 79.90 AUGUST 2022</AddtlNtryInf></Ntry><Ntry><Amt Ccy="CHF">1.04</Amt><CdtDbtInd>DBIT</CdtDbtInd><RvslInd>false</RvslInd><Sts>BOOK</Sts><BookgDt><Dt>2022-09-01</Dt></BookgDt><ValDt><Dt>2022-09-01</Dt></ValDt><AcctSvcrRef>2442400201733177</AcctSvcrRef><BkTxCd><Domn><Cd>PMNT</Cd><Fmly><Cd>CCRD</Cd><SubFmlyCd>CHRG</SubFmlyCd></Fmly></Domn></BkTxCd><NtryDtls><TxDtls><Refs><AcctSvcrRef>2442400201733177</AcctSvcrRef></Refs><Amt Ccy="CHF">1.04</Amt><CdtDbtInd>DBIT</CdtDbtInd></TxDtls></NtryDtls><AddtlNtryInf>PREIS FÜR E-PAYMENT POSTFINANCE E-FINANCE AB CHF 25.01 (EUR 17.01) WWW.AIR-HALLUX.CH ANZAHL TRANSAKTIONEN: 1 UMSATZ CHF 79.90 AUGUST 2022</AddtlNtryInf></Ntry><Ntry><Amt Ccy="CHF">0.78</Amt><CdtDbtInd>DBIT</CdtDbtInd><RvslInd>false</RvslInd><Sts>BOOK</Sts><BookgDt><Dt>2022-09-01</Dt></BookgDt><ValDt><Dt>2022-09-01</Dt></ValDt><AcctSvcrRef>2442400201748659</AcctSvcrRef><BkTxCd><Domn><Cd>PMNT</Cd><Fmly><Cd>CCRD</Cd><SubFmlyCd>CHRG</SubFmlyCd></Fmly></Domn></BkTxCd><NtryDtls><TxDtls><Refs><AcctSvcrRef>2442400201748659</AcctSvcrRef></Refs><Amt Ccy="CHF">0.78</Amt><CdtDbtInd>DBIT</CdtDbtInd></TxDtls></NtryDtls><AddtlNtryInf>PREIS FÜR E-PAYMENT POSTFINANCE E-FINANCE AB CHF 25.01 (EUR 17.01) WWW.FIEBERCHECK.CH ANZAHL TRANSAKTIONEN: 1 UMSATZ CHF 59.90 AUGUST 2022</AddtlNtryInf></Ntry><Ntry><Amt Ccy="CHF">3.61</Amt><CdtDbtInd>DBIT</CdtDbtInd><RvslInd>false</RvslInd><Sts>BOOK</Sts><BookgDt><Dt>2022-09-01</Dt></BookgDt><ValDt><Dt>2022-09-01</Dt></ValDt><AcctSvcrRef>2442400201748706</AcctSvcrRef><BkTxCd><Domn><Cd>PMNT</Cd><Fmly><Cd>CCRD</Cd><SubFmlyCd>CHRG</SubFmlyCd></Fmly></Domn></BkTxCd><NtryDtls><TxDtls><Refs><AcctSvcrRef>2442400201748706</AcctSvcrRef></Refs><Amt Ccy="CHF">3.61</Amt><CdtDbtInd>DBIT</CdtDbtInd></TxDtls></NtryDtls><AddtlNtryInf>PREIS FÜR E-PAYMENT POSTFINANCE CARD AB CHF 25.01 (EUR 17.01) HTTPS://CBD-TROPFEN-SCHWEIZ.CH/ ANZAHL TRANSAKTIONEN: 1 UMSATZ CHF 278.00 AUGUST 2022</AddtlNtryInf></Ntry><Ntry><Amt Ccy="CHF">2.07</Amt><CdtDbtInd>DBIT</CdtDbtInd><RvslInd>false</RvslInd><Sts>BOOK</Sts><BookgDt><Dt>2022-09-01</Dt></BookgDt><ValDt><Dt>2022-09-01</Dt></ValDt><AcctSvcrRef>2442400201748726</AcctSvcrRef><BkTxCd><Domn><Cd>PMNT</Cd><Fmly><Cd>CCRD</Cd><SubFmlyCd>CHRG</SubFmlyCd></Fmly></Domn></BkTxCd><NtryDtls><TxDtls><Refs><AcctSvcrRef>2442400201748726</AcctSvcrRef></Refs><Amt Ccy="CHF">2.07</Amt><CdtDbtInd>DBIT</CdtDbtInd></TxDtls></NtryDtls><AddtlNtryInf>PREIS FÜR E-PAYMENT POSTFINANCE CARD AB CHF 25.01 (EUR 17.01) HTTPS://WOMANCARE-CUP.CH ANZAHL TRANSAKTIONEN: 2 UMSATZ CHF 159.60 AUGUST 2022</AddtlNtryInf></Ntry><Ntry><Amt Ccy="CHF">1.95</Amt><CdtDbtInd>DBIT</CdtDbtInd><RvslInd>false</RvslInd><Sts>BOOK</Sts><BookgDt><Dt>2022-09-01</Dt></BookgDt><ValDt><Dt>2022-09-01</Dt></ValDt><AcctSvcrRef>2442400201749080</AcctSvcrRef><BkTxCd><Domn><Cd>PMNT</Cd><Fmly><Cd>CCRD</Cd><SubFmlyCd>CHRG</SubFmlyCd></Fmly></Domn></BkTxCd><NtryDtls><TxDtls><Refs><AcctSvcrRef>2442400201749080</AcctSvcrRef></Refs><Amt Ccy="CHF">1.95</Amt><CdtDbtInd>DBIT</CdtDbtInd></TxDtls></NtryDtls><AddtlNtryInf>PREIS FÜR E-PAYMENT POSTFINANCE CARD AB CHF 25.01 (EUR 17.01) WWW.SMILE-SPA.CH ANZAHL TRANSAKTIONEN: 1 UMSATZ CHF 149.90 AUGUST 2022</AddtlNtryInf></Ntry><Ntry><Amt Ccy="CHF">2.07</Amt><CdtDbtInd>DBIT</CdtDbtInd><RvslInd>false</RvslInd><Sts>BOOK</Sts><BookgDt><Dt>2022-09-01</Dt></BookgDt><ValDt><Dt>2022-09-01</Dt></ValDt><AcctSvcrRef>2442400201751478</AcctSvcrRef><BkTxCd><Domn><Cd>PMNT</Cd><Fmly><Cd>CCRD</Cd><SubFmlyCd>CHRG</SubFmlyCd></Fmly></Domn></BkTxCd><NtryDtls><TxDtls><Refs><AcctSvcrRef>2442400201751478</AcctSvcrRef></Refs><Amt Ccy="CHF">2.07</Amt><CdtDbtInd>DBIT</CdtDbtInd></TxDtls></NtryDtls><AddtlNtryInf>PREIS FÜR E-PAYMENT POSTFINANCE CARD AB CHF 25.01 (EUR 17.01) HTTPS://MASSAGE-PISTOLE-SHOP.CH ANZAHL TRANSAKTIONEN: 1 UMSATZ CHF 158.90 AUGUST 2022</AddtlNtryInf></Ntry><Ntry><Amt Ccy="CHF">1.04</Amt><CdtDbtInd>DBIT</CdtDbtInd><RvslInd>false</RvslInd><Sts>BOOK</Sts><BookgDt><Dt>2022-09-01</Dt></BookgDt><ValDt><Dt>2022-09-01</Dt></ValDt><AcctSvcrRef>2442400201751955</AcctSvcrRef><BkTxCd><Domn><Cd>PMNT</Cd><Fmly><Cd>CCRD</Cd><SubFmlyCd>CHRG</SubFmlyCd></Fmly></Domn></BkTxCd><NtryDtls><TxDtls><Refs><AcctSvcrRef>2442400201751955</AcctSvcrRef></Refs><Amt Ccy="CHF">1.04</Amt><CdtDbtInd>DBIT</CdtDbtInd></TxDtls></NtryDtls><AddtlNtryInf>PREIS FÜR E-PAYMENT POSTFINANCE CARD AB CHF 25.01 (EUR 17.01) WWW.DER-FUSSEXPERTE.CH ANZAHL TRANSAKTIONEN: 1 UMSATZ CHF 79.90 AUGUST 2022</AddtlNtryInf></Ntry><Ntry><Amt Ccy="CHF">0.10</Amt><CdtDbtInd>DBIT</CdtDbtInd><RvslInd>false</RvslInd><Sts>BOOK</Sts><BookgDt><Dt>2022-09-01</Dt></BookgDt><ValDt><Dt>2022-09-01</Dt></ValDt><AcctSvcrRef>2442400201732818</AcctSvcrRef><BkTxCd><Domn><Cd>PMNT</Cd><Fmly><Cd>CCRD</Cd><SubFmlyCd>CHRG</SubFmlyCd></Fmly></Domn></BkTxCd><NtryDtls><TxDtls><Refs><AcctSvcrRef>2442400201732818</AcctSvcrRef></Refs><Amt Ccy="CHF">0.10</Amt><CdtDbtInd>DBIT</CdtDbtInd></TxDtls></NtryDtls><AddtlNtryInf>PREIS FÜR E-PAYMENT POSTFINANCE CARD BIS CHF 25.- (EUR 17.-) HTTPS://WWW.SANACLIP.CH ANZAHL TRANSAKTIONEN: 1 UMSATZ CHF 7.90 AUGUST 2022</AddtlNtryInf></Ntry><Ntry><Amt Ccy="CHF">0.78</Amt><CdtDbtInd>DBIT</CdtDbtInd><RvslInd>false</RvslInd><Sts>BOOK</Sts><BookgDt><Dt>2022-09-01</Dt></BookgDt><ValDt><Dt>2022-09-01</Dt></ValDt><AcctSvcrRef>2442400201743134</AcctSvcrRef><BkTxCd><Domn><Cd>PMNT</Cd><Fmly><Cd>CCRD</Cd><SubFmlyCd>CHRG</SubFmlyCd></Fmly></Domn></BkTxCd><NtryDtls><TxDtls><Refs><AcctSvcrRef>2442400201743134</AcctSvcrRef></Refs><Amt Ccy="CHF">0.78</Amt><CdtDbtInd>DBIT</CdtDbtInd></TxDtls></NtryDtls><AddtlNtryInf>PREIS FÜR E-PAYMENT POSTFINANCE CARD AB CHF 25.01 (EUR 17.01) HTTPS://WWW.SANACLIP.CH ANZAHL TRANSAKTIONEN: 1 UMSATZ CHF 59.90 AUGUST 2022</AddtlNtryInf></Ntry><Ntry><Amt Ccy="CHF">2.08</Amt><CdtDbtInd>DBIT</CdtDbtInd><RvslInd>false</RvslInd><Sts>BOOK</Sts><BookgDt><Dt>2022-09-01</Dt></BookgDt><ValDt><Dt>2022-09-01</Dt></ValDt><AcctSvcrRef>2442400201751865</AcctSvcrRef><BkTxCd><Domn><Cd>PMNT</Cd><Fmly><Cd>CCRD</Cd><SubFmlyCd>CHRG</SubFmlyCd></Fmly></Domn></BkTxCd><NtryDtls><TxDtls><Refs><AcctSvcrRef>2442400201751865</AcctSvcrRef></Refs><Amt Ccy="CHF">2.08</Amt><CdtDbtInd>DBIT</CdtDbtInd></TxDtls></NtryDtls><AddtlNtryInf>PREIS FÜR E-PAYMENT POSTFINANCE E-FINANCE AB CHF 25.01 (EUR 17.01) HTTPS://WWW.SANACLIP.CH ANZAHL TRANSAKTIONEN: 2 UMSATZ CHF 159.80 AUGUST 2022</AddtlNtryInf></Ntry><Ntry><Amt Ccy="CHF">1.04</Amt><CdtDbtInd>DBIT</CdtDbtInd><RvslInd>false</RvslInd><Sts>BOOK</Sts><BookgDt><Dt>2022-09-01</Dt></BookgDt><ValDt><Dt>2022-09-01</Dt></ValDt><AcctSvcrRef>2442400201732646</AcctSvcrRef><BkTxCd><Domn><Cd>PMNT</Cd><Fmly><Cd>CCRD</Cd><SubFmlyCd>CHRG</SubFmlyCd></Fmly></Domn></BkTxCd><NtryDtls><TxDtls><Refs><AcctSvcrRef>2442400201732646</AcctSvcrRef></Refs><Amt Ccy="CHF">1.04</Amt><CdtDbtInd>DBIT</CdtDbtInd></TxDtls></NtryDtls><AddtlNtryInf>PREIS FÜR E-PAYMENT POSTFINANCE E-FINANCE AB CHF 25.01 (EUR 17.01) HTTPS://KNIRSCHFREI.CH ANZAHL TRANSAKTIONEN: 1 UMSATZ CHF 79.90 AUGUST 2022</AddtlNtryInf></Ntry><Ntry><Amt Ccy="CHF">5.71</Amt><CdtDbtInd>DBIT</CdtDbtInd><RvslInd>false</RvslInd><Sts>BOOK</Sts><BookgDt><Dt>2022-09-01</Dt></BookgDt><ValDt><Dt>2022-09-01</Dt></ValDt><AcctSvcrRef>2442400201752461</AcctSvcrRef><BkTxCd><Domn><Cd>PMNT</Cd><Fmly><Cd>CCRD</Cd><SubFmlyCd>CHRG</SubFmlyCd></Fmly></Domn></BkTxCd><NtryDtls><TxDtls><Refs><AcctSvcrRef>2442400201752461</AcctSvcrRef></Refs><Amt Ccy="CHF">5.71</Amt><CdtDbtInd>DBIT</CdtDbtInd></TxDtls></NtryDtls><AddtlNtryInf>PREIS FÜR E-PAYMENT POSTFINANCE CARD AB CHF 25.01 (EUR 17.01) HTTPS://KNIRSCHFREI.CH ANZAHL TRANSAKTIONEN: 4 UMSATZ CHF 439.50 AUGUST 2022</AddtlNtryInf></Ntry></Stmt></BkToCstmrStmt></Document>
