<?xml version="1.0" encoding="UTF-8"?>
<Document xmlns="urn:iso:std:iso:20022:tech:xsd:camt.054.001.04" xmlns:xsi="http://www.w3.org/2001/XMLSchema-instance" xsi:schemaLocation="urn:iso:std:iso:20022:tech:xsd:camt.054.001.04 camt.054.001.04.xsd"><BkToCstmrDbtCdtNtfctn><GrpHdr><MsgId>20221003375204943978210</MsgId><CreDtTm>2022-10-03T23:47:43</CreDtTm><MsgPgntn><PgNb>1</PgNb><LastPgInd>true</LastPgInd></MsgPgntn><AddtlInf>SPS/1.7/PROD</AddtlInf></GrpHdr><Ntfctn><Id>20221003375204943978211</Id><CreDtTm>2022-10-03T23:47:43</CreDtTm><FrToDt><FrDtTm>2022-10-01T00:00:00</FrDtTm><ToDtTm>2022-10-03T23:59:59</ToDtTm></FrToDt><RptgSrc><Prtry>OTHR</Prtry></RptgSrc><Acct><Id><IBAN>CH9209000000414939852</IBAN></Id><Ownr><Nm>eversmart products Handels GmbH Pfäffikon SZ</Nm></Ownr></Acct><Ntry><NtryRef>CH9530000002414939852</NtryRef><Amt Ccy="CHF">179.20</Amt><CdtDbtInd>CRDT</CdtDbtInd><RvslInd>false</RvslInd><Sts>BOOK</Sts><BookgDt><Dt>2022-10-03</Dt></BookgDt><ValDt><Dt>2022-10-03</Dt></ValDt><AcctSvcrRef>276220009AIFZREU</AcctSvcrRef><BkTxCd><Domn><Cd>PMNT</Cd><Fmly><Cd>RCDT</Cd><SubFmlyCd>VCOM</SubFmlyCd></Fmly></Domn></BkTxCd><NtryDtls><Btch><NbOfTxs>3</NbOfTxs></Btch><TxDtls><Refs><AcctSvcrRef>221003CH09ACT8HT</AcctSvcrRef><InstrId>20929500655.0002</InstrId><EndToEndId>NOTPROVIDED</EndToEndId><Prtry><Tp>00</Tp><Ref>20221003375204616342780</Ref></Prtry></Refs><Amt Ccy="CHF">69.80</Amt><CdtDbtInd>CRDT</CdtDbtInd><BkTxCd><Domn><Cd>PMNT</Cd><Fmly><Cd>RCDT</Cd><SubFmlyCd>ATXN</SubFmlyCd></Fmly></Domn></BkTxCd><RltdPties><Dbtr><Nm>Sandra Keller</Nm><PstlAdr><AdrLine>Im Eggli 11</AdrLine><AdrLine>8854 Galgenen</AdrLine></PstlAdr></Dbtr><DbtrAcct><Id><IBAN>CH2500777000719512489</IBAN></Id></DbtrAcct><CdtrAcct><Id><IBAN>CH9530000002414939852</IBAN></Id></CdtrAcct></RltdPties><RltdAgts><DbtrAgt><FinInstnId><ClrSysMmbId><MmbId>777</MmbId></ClrSysMmbId><Nm>Schwyzer Kantonalbank</Nm><PstlAdr><AdrLine>Bahnhofstrasse 3</AdrLine><AdrLine>6431 Schwyz</AdrLine></PstlAdr></FinInstnId></DbtrAgt></RltdAgts><RmtInf><Strd><CdtrRefInf><Tp><CdOrPrtry><Prtry>QRR</Prtry></CdOrPrtry></Tp><Ref>000000000000000000000005585</Ref></CdtrRefInf><AddtlRmtInf>?REJECT?0</AddtlRmtInf><AddtlRmtInf>?ERROR?000</AddtlRmtInf><AddtlRmtInf>6860</AddtlRmtInf></Strd></RmtInf><RltdDts><AccptncDtTm>2022-10-03T20:00:00</AccptncDtTm></RltdDts></TxDtls><TxDtls><Refs><AcctSvcrRef>221003CH09AGFWTS</AcctSvcrRef><InstrId>7950276TO8309971</InstrId><EndToEndId>NOTPROVIDED</EndToEndId><Prtry><Tp>00</Tp><Ref>20221003375204616976977</Ref></Prtry></Refs><Amt Ccy="CHF">54.70</Amt><CdtDbtInd>CRDT</CdtDbtInd><BkTxCd><Domn><Cd>PMNT</Cd><Fmly><Cd>RCDT</Cd><SubFmlyCd>ATXN</SubFmlyCd></Fmly></Domn></BkTxCd><RltdPties><Dbtr><Nm>FRANCESCO ROSA</Nm><PstlAdr><AdrLine>FLORAWEG 4E CH 3422 KIRCHBERG</AdrLine></PstlAdr></Dbtr><DbtrAcct><Id><IBAN>CH580023523526458740V</IBAN></Id></DbtrAcct><UltmtDbtr><Nm>FRANCESCO ROSA</Nm><PstlAdr><AdrLine>FLORAWEG 4E</AdrLine><AdrLine>3422 KIRCHBERG (BE)</AdrLine></PstlAdr></UltmtDbtr><CdtrAcct><Id><IBAN>CH9530000002414939852</IBAN></Id></CdtrAcct></RltdPties><RltdAgts><DbtrAgt><FinInstnId><ClrSysMmbId><MmbId>235</MmbId></ClrSysMmbId><Nm>UBS Switzerland AG</Nm><PstlAdr><AdrLine>Bubenbergplatz 3</AdrLine><AdrLine>3000 Bern 94</AdrLine></PstlAdr></FinInstnId></DbtrAgt></RltdAgts><RmtInf><Strd><CdtrRefInf><Tp><CdOrPrtry><Prtry>QRR</Prtry></CdOrPrtry></Tp><Ref>000000000000000000000005380</Ref></CdtrRefInf><AddtlRmtInf>?REJECT?0</AddtlRmtInf><AddtlRmtInf>?ERROR?000</AddtlRmtInf><AddtlRmtInf>3573</AddtlRmtInf></Strd></RmtInf><RltdDts><AccptncDtTm>2022-10-03T20:00:00</AccptncDtTm></RltdDts></TxDtls><TxDtls><Refs><AcctSvcrRef>221003CH09AGFYGF</AcctSvcrRef><InstrId>7750276TO8313917</InstrId><EndToEndId>NOTPROVIDED</EndToEndId><Prtry><Tp>00</Tp><Ref>20221003375204616979022</Ref></Prtry></Refs><Amt Ccy="CHF">54.70</Amt><CdtDbtInd>CRDT</CdtDbtInd><BkTxCd><Domn><Cd>PMNT</Cd><Fmly><Cd>RCDT</Cd><SubFmlyCd>ATXN</SubFmlyCd></Fmly></Domn></BkTxCd><RltdPties><Dbtr><Nm>FRANCESCO ROSA</Nm><PstlAdr><AdrLine>FLORAWEG 4E CH 3422 KIRCHBERG</AdrLine></PstlAdr></Dbtr><DbtrAcct><Id><IBAN>CH580023523526458740V</IBAN></Id></DbtrAcct><UltmtDbtr><Nm>FRANCESCO ROSA</Nm><PstlAdr><AdrLine>FLORAWEG 4E</AdrLine><AdrLine>3422 KIRCHBERG (BE)</AdrLine></PstlAdr></UltmtDbtr><CdtrAcct><Id><IBAN>CH9530000002414939852</IBAN></Id></CdtrAcct></RltdPties><RltdAgts><DbtrAgt><FinInstnId><ClrSysMmbId><MmbId>235</MmbId></ClrSysMmbId><Nm>UBS Switzerland AG</Nm><PstlAdr><AdrLine>Bubenbergplatz 3</AdrLine><AdrLine>3000 Bern 94</AdrLine></PstlAdr></FinInstnId></DbtrAgt></RltdAgts><RmtInf><Strd><CdtrRefInf><Tp><CdOrPrtry><Prtry>QRR</Prtry></CdOrPrtry></Tp><Ref>000000000000000000000005380</Ref></CdtrRefInf><AddtlRmtInf>?REJECT?0</AddtlRmtInf><AddtlRmtInf>?ERROR?000</AddtlRmtInf><AddtlRmtInf>3573</AddtlRmtInf></Strd></RmtInf><RltdDts><AccptncDtTm>2022-10-03T20:00:00</AccptncDtTm></RltdDts></TxDtls></NtryDtls><AddtlNtryInf>SAMMELGUTSCHRIFT FÜR KONTO: CH9530000002414939852 VERARBEITUNG VOM 03.10.2022 PAKET ID: 221003CH00000G5N</AddtlNtryInf></Ntry></Ntfctn></BkToCstmrDbtCdtNtfctn></Document>
