<?xml version="1.0" encoding="UTF-8"?>
<Document xmlns="urn:iso:std:iso:20022:tech:xsd:camt.053.001.04" xmlns:xsi="http://www.w3.org/2001/XMLSchema-instance" xsi:schemaLocation="urn:iso:std:iso:20022:tech:xsd:camt.053.001.04 camt.053.001.04.xsd"><BkToCstmrStmt><GrpHdr><MsgId>20220812375204903259328</MsgId><CreDtTm>2022-08-13T01:42:54</CreDtTm><MsgPgntn><PgNb>1</PgNb><LastPgInd>true</LastPgInd></MsgPgntn><AddtlInf>SPS/1.7/PROD</AddtlInf></GrpHdr><Stmt><Id>20220812375204903259344</Id><ElctrncSeqNb>157</ElctrncSeqNb><CreDtTm>2022-08-13T01:42:54</CreDtTm><FrToDt><FrDtTm>2022-08-12T00:00:00</FrDtTm><ToDtTm>2022-08-12T23:59:59</ToDtTm></FrToDt><Acct><Id><IBAN>CH9209000000414939852</IBAN></Id><Ownr><Nm>eversmart products Handels GmbH Pfäffikon SZ</Nm></Ownr></Acct><Bal><Tp><CdOrPrtry><Cd>OPBD</Cd></CdOrPrtry></Tp><Amt Ccy="CHF">75086.16</Amt><CdtDbtInd>CRDT</CdtDbtInd><Dt><Dt>2022-08-12</Dt></Dt></Bal><Bal><Tp><CdOrPrtry><Cd>CLBD</Cd></CdOrPrtry></Tp><Amt Ccy="CHF">83080.00</Amt><CdtDbtInd>CRDT</CdtDbtInd><Dt><Dt>2022-08-12</Dt></Dt></Bal><Bal><Tp><CdOrPrtry><Cd>CLAV</Cd></CdOrPrtry></Tp><Amt Ccy="CHF">83080.00</Amt><CdtDbtInd>CRDT</CdtDbtInd><Dt><Dt>2022-08-12</Dt></Dt></Bal><Ntry><Amt Ccy="CHF">39.90</Amt><CdtDbtInd>CRDT</CdtDbtInd><RvslInd>false</RvslInd><Sts>BOOK</Sts><BookgDt><Dt>2022-08-12</Dt></BookgDt><ValDt><Dt>2022-08-12</Dt></ValDt><AcctSvcrRef>2242201092GGYF0K</AcctSvcrRef><BkTxCd><Domn><Cd>PMNT</Cd><Fmly><Cd>RCDT</Cd><SubFmlyCd>ATXN</SubFmlyCd></Fmly></Domn></BkTxCd><NtryDtls><Btch><NbOfTxs>1</NbOfTxs></Btch><TxDtls><Refs><AcctSvcrRef>220812CH092GGYF0</AcctSvcrRef><InstrId>1255446257/1XXXX</InstrId><EndToEndId>NOTPROVIDED</EndToEndId><Prtry><Tp>00</Tp><Ref>220812CH092GGYF0</Ref></Prtry></Refs><Amt Ccy="CHF">39.90</Amt><CdtDbtInd>CRDT</CdtDbtInd><BkTxCd><Domn><Cd>PMNT</Cd><Fmly><Cd>RCDT</Cd><SubFmlyCd>ATXN</SubFmlyCd></Fmly></Domn></BkTxCd><RltdPties><Dbtr><Nm>Peter Prasch</Nm><PstlAdr><AdrLine>Auring 2</AdrLine><AdrLine>LI-9490 Vaduz</AdrLine></PstlAdr></Dbtr><DbtrAcct><Id><IBAN>CH9800781624401752000</IBAN></Id></DbtrAcct><CdtrAcct><Id><IBAN>CH9209000000414939852</IBAN></Id></CdtrAcct></RltdPties><RltdAgts><DbtrAgt><FinInstnId><ClrSysMmbId><MmbId>781</MmbId></ClrSysMmbId><Nm>St. Galler Kantonalbank AG</Nm><PstlAdr><AdrLine>9001 St. Gallen</AdrLine></PstlAdr></FinInstnId></DbtrAgt></RltdAgts><RmtInf><Ustrd>LOEWENHAAR RE-88498 VOM 15.06.2022 </Ustrd><Ustrd>UEBER CHF 3 9  </Ustrd><Strd><AddtlRmtInf>?REJECT?0</AddtlRmtInf><AddtlRmtInf>?ERROR?000</AddtlRmtInf></Strd></RmtInf><RltdDts><AccptncDtTm>2022-08-12T20:00:00</AccptncDtTm></RltdDts></TxDtls></NtryDtls><AddtlNtryInf>GUTSCHRIFT AUFTRAGGEBER: Peter Prasch Auring 2 LI-9490 Vaduz MITTEILUNGEN: LOEWENHAAR RE-88498 VOM 15.06.2022  UEBER CHF 3 9   REFERENZEN: NOTPROVIDED 1255446257/1XXXX 220812CH092GGYF0</AddtlNtryInf></Ntry><Ntry><Amt Ccy="CHF">4328.15</Amt><CdtDbtInd>CRDT</CdtDbtInd><RvslInd>false</RvslInd><Sts>BOOK</Sts><BookgDt><Dt>2022-08-12</Dt></BookgDt><ValDt><Dt>2022-08-12</Dt></ValDt><AcctSvcrRef>2242200092B13K0K</AcctSvcrRef><BkTxCd><Domn><Cd>PMNT</Cd><Fmly><Cd>RCDT</Cd><SubFmlyCd>AUTT</SubFmlyCd></Fmly></Domn></BkTxCd><NtryDtls><Btch><NbOfTxs>1</NbOfTxs></Btch><TxDtls><Refs><MsgId>TWINT20220810-101-Merchant</MsgId><AcctSvcrRef>220811CH092B13K0</AcctSvcrRef><PmtInfId>TWINT20220810-101-Merchant-B1</PmtInfId><InstrId>2b207f4569c54f489de51f151cd3ea68</InstrId><EndToEndId>TWINT20220810-101-Merchant-B1</EndToEndId><Prtry><Tp>00</Tp><Ref>220811CH092B13K0</Ref></Prtry></Refs><Amt Ccy="CHF">4328.15</Amt><CdtDbtInd>CRDT</CdtDbtInd><BkTxCd><Domn><Cd>PMNT</Cd><Fmly><Cd>RCDT</Cd><SubFmlyCd>AUTT</SubFmlyCd></Fmly></Domn></BkTxCd><RltdPties><Dbtr><Nm>TWINT Acquiring AG</Nm><PstlAdr><StrtNm>Stauffacherstrasse</StrtNm><BldgNb>41</BldgNb><PstCd>8004</PstCd><TwnNm>Zürich</TwnNm><Ctry>CH</Ctry></PstlAdr></Dbtr><DbtrAcct><Id><IBAN>CH6609000000313087410</IBAN></Id></DbtrAcct><CdtrAcct><Id><IBAN>CH9209000000414939852</IBAN></Id></CdtrAcct></RltdPties><RltdAgts><DbtrAgt><FinInstnId><BICFI>POFICHBEXXX</BICFI><Nm>POSTFINANCE AG</Nm><PstlAdr><AdrLine>MINGERSTRASSE , 20</AdrLine><AdrLine>3030 BERN</AdrLine></PstlAdr></FinInstnId></DbtrAgt></RltdAgts><RmtInf><Ustrd>999999 TWINT TWINT Auszahlungen Pay</Ustrd><Ustrd>out 20220811                       </Ustrd><Ustrd>   Gross: 4385.17 Fees: -57.02</Ustrd><Strd><AddtlRmtInf>?REJECT?0</AddtlRmtInf><AddtlRmtInf>?ERROR?000</AddtlRmtInf></Strd></RmtInf><RltdDts><AccptncDtTm>2022-08-12T20:00:00</AccptncDtTm></RltdDts></TxDtls></NtryDtls><AddtlNtryInf>GUTSCHRIFT CH6609000000313087410 ABSENDER: TWINT Acquiring AG Stauffacherstrasse 41 8004 Zürich MITTEILUNGEN: 999999 TWINT TWINT Auszahlungen Pay out 20220811                           Gross: 4385.17 Fees: -57.02 REFERENZEN: TWINT20220810-101-Merchant-B1</AddtlNtryInf></Ntry><Ntry><Amt Ccy="CHF">278.80</Amt><CdtDbtInd>CRDT</CdtDbtInd><RvslInd>false</RvslInd><Sts>BOOK</Sts><BookgDt><Dt>2022-08-12</Dt></BookgDt><ValDt><Dt>2022-08-12</Dt></ValDt><AcctSvcrRef>2242201092H0I5OK</AcctSvcrRef><BkTxCd><Domn><Cd>PMNT</Cd><Fmly><Cd>RCDT</Cd><SubFmlyCd>ATXN</SubFmlyCd></Fmly></Domn></BkTxCd><NtryDtls><Btch><NbOfTxs>1</NbOfTxs></Btch><TxDtls><Refs><AcctSvcrRef>220812CH092H0I5O</AcctSvcrRef><InstrId>20811170587.0001</InstrId><EndToEndId>NOTPROVIDED</EndToEndId><Prtry><Tp>00</Tp><Ref>220812CH092H0I5O</Ref></Prtry></Refs><Amt Ccy="CHF">278.80</Amt><CdtDbtInd>CRDT</CdtDbtInd><BkTxCd><Domn><Cd>PMNT</Cd><Fmly><Cd>RCDT</Cd><SubFmlyCd>ATXN</SubFmlyCd></Fmly></Domn></BkTxCd><RltdPties><Dbtr><Nm>Ricciardi Gregor</Nm><PstlAdr><StrtNm>Fichtenstrasse</StrtNm><BldgNb>6</BldgNb><PstCd>6340</PstCd><TwnNm>Baar</TwnNm><Ctry>CH</Ctry></PstlAdr></Dbtr><DbtrAcct><Id><IBAN>CH2100787001570045406</IBAN></Id></DbtrAcct><CdtrAcct><Id><IBAN>CH9209000000414939852</IBAN></Id></CdtrAcct></RltdPties><RltdAgts><DbtrAgt><FinInstnId><ClrSysMmbId><MmbId>787</MmbId></ClrSysMmbId><Nm>Zuger Kantonalbank</Nm><PstlAdr><AdrLine>6301 Zug</AdrLine></PstlAdr></FinInstnId></DbtrAgt></RltdAgts><RmtInf><Ustrd>Rechnung Nr. RE-91050</Ustrd><Strd><AddtlRmtInf>?REJECT?0</AddtlRmtInf><AddtlRmtInf>?ERROR?000</AddtlRmtInf></Strd></RmtInf><RltdDts><AccptncDtTm>2022-08-12T20:00:00</AccptncDtTm></RltdDts></TxDtls></NtryDtls><AddtlNtryInf>GUTSCHRIFT AUFTRAGGEBER: Ricciardi Gregor Fichtenstrasse 6 6340 Baar MITTEILUNGEN: Rechnung Nr. RE-91050 REFERENZEN: NOTPROVIDED 20811170587.0001 220812CH092H0I5O</AddtlNtryInf></Ntry><Ntry><Amt Ccy="CHF">86.90</Amt><CdtDbtInd>CRDT</CdtDbtInd><RvslInd>false</RvslInd><Sts>BOOK</Sts><BookgDt><Dt>2022-08-12</Dt></BookgDt><ValDt><Dt>2022-08-12</Dt></ValDt><AcctSvcrRef>2242201092HMJ86K</AcctSvcrRef><BkTxCd><Domn><Cd>PMNT</Cd><Fmly><Cd>RCDT</Cd><SubFmlyCd>ATXN</SubFmlyCd></Fmly></Domn></BkTxCd><NtryDtls><Btch><NbOfTxs>1</NbOfTxs></Btch><TxDtls><Refs><AcctSvcrRef>220812CH092HMJ86</AcctSvcrRef><InstrId>LON03242151340</InstrId><EndToEndId>NOTPROVIDED</EndToEndId><Prtry><Tp>00</Tp><Ref>220812CH092HMJ86</Ref></Prtry></Refs><Amt Ccy="CHF">86.90</Amt><CdtDbtInd>CRDT</CdtDbtInd><BkTxCd><Domn><Cd>PMNT</Cd><Fmly><Cd>RCDT</Cd><SubFmlyCd>ATXN</SubFmlyCd></Fmly></Domn></BkTxCd><RltdPties><Dbtr><Nm>STRIPE PAYMENTS UK LTD</Nm><PstlAdr><AdrLine>9TH FLOOR, 107 CHEAPSIDE GB - LONDO</AdrLine><AdrLine>N EC2V 6DN</AdrLine></PstlAdr></Dbtr><DbtrAcct><Id><IBAN>DK6289000000010375</IBAN></Id></DbtrAcct><CdtrAcct><Id><IBAN>CH9209000000414939852</IBAN></Id></CdtrAcct></RltdPties><RltdAgts><DbtrAgt><FinInstnId><BICFI>CITIGB2LXXX</BICFI><Nm>CITIBANK N.A.</Nm><PstlAdr><AdrLine>CITIBANK CENTRE25 CANADA SQUARE</AdrLine><AdrLine>E14 5LB LONDON</AdrLine></PstlAdr></FinInstnId></DbtrAgt></RltdAgts><RmtInf><Ustrd>STRIPE I8Q4A5</Ustrd><Strd><AddtlRmtInf>?REJECT?0</AddtlRmtInf><AddtlRmtInf>?ERROR?000</AddtlRmtInf></Strd></RmtInf><RltdDts><AccptncDtTm>2022-08-12T20:00:00</AccptncDtTm></RltdDts></TxDtls></NtryDtls><AddtlNtryInf>GUTSCHRIFT AUFTRAGGEBER: STRIPE PAYMENTS UK LTD 9TH FLOOR, 107 CHEAPSIDE GB - LONDO N EC2V 6DN MITTEILUNGEN: STRIPE I8Q4A5 SPESENBETRAG 0.00 CHF SHA REFERENZEN: NOTPROVIDED LON03242151340 220812CH092HMJ86</AddtlNtryInf></Ntry><Ntry><Amt Ccy="CHF">478.33</Amt><CdtDbtInd>CRDT</CdtDbtInd><RvslInd>false</RvslInd><Sts>BOOK</Sts><BookgDt><Dt>2022-08-12</Dt></BookgDt><ValDt><Dt>2022-08-12</Dt></ValDt><AcctSvcrRef>2242200092FDME7K</AcctSvcrRef><BkTxCd><Domn><Cd>PMNT</Cd><Fmly><Cd>RCDT</Cd><SubFmlyCd>ATXN</SubFmlyCd></Fmly></Domn></BkTxCd><NtryDtls><Btch><NbOfTxs>1</NbOfTxs></Btch><TxDtls><Refs><AcctSvcrRef>220811CH092FDME7</AcctSvcrRef><InstrId>ICFSCT220811164734TDE0CH32283632516</InstrId><EndToEndId>NOTPROVIDED</EndToEndId><Prtry><Tp>00</Tp><Ref>220811CH092FDME7</Ref></Prtry></Refs><Amt Ccy="CHF">478.33</Amt><CdtDbtInd>CRDT</CdtDbtInd><AmtDtls><TxAmt><Amt Ccy="EUR">498.00</Amt><CcyXchg><SrcCcy>EUR</SrcCcy><TrgtCcy>CHF</TrgtCcy><XchgRate>0.9605</XchgRate></CcyXchg></TxAmt></AmtDtls><BkTxCd><Domn><Cd>PMNT</Cd><Fmly><Cd>RCDT</Cd><SubFmlyCd>ATXN</SubFmlyCd></Fmly></Domn></BkTxCd><RltdPties><Dbtr><Nm>L-G-S Laden-, Gastronomie-, Handels . und Service-GmbH</Nm><PstlAdr><AdrLine>Freisinger Str. 2</AdrLine><AdrLine>85416 Langenbach</AdrLine></PstlAdr></Dbtr><DbtrAcct><Id><IBAN>DE84700700240932860000</IBAN></Id></DbtrAcct><CdtrAcct><Id><IBAN>CH9209000000414939852</IBAN></Id></CdtrAcct></RltdPties><RltdAgts><DbtrAgt><FinInstnId><BICFI>DEUTDEDBMUC</BICFI><Nm>DEUTSCHE BANK AG</Nm><PstlAdr><AdrLine>MUENCHEN</AdrLine></PstlAdr></FinInstnId></DbtrAgt></RltdAgts><RmtInf><Ustrd>RE-Nr.: RE--90721 vom 29.07.22</Ustrd><Strd><AddtlRmtInf>?REJECT?0</AddtlRmtInf><AddtlRmtInf>?ERROR?000</AddtlRmtInf></Strd></RmtInf><RltdDts><AccptncDtTm>2022-08-12T20:00:00</AccptncDtTm></RltdDts></TxDtls></NtryDtls><AddtlNtryInf>GUTSCHRIFT SEPA TRANSAKTION EUR 498.00 ZUM KURS VON 0.9605 AUFTRAGGEBER: L-G-S Laden-, Gastronomie-, Handels . und Service-GmbH Freisinger Str. 2 85416 Langenbach MITTEILUNGEN: RE-Nr.: RE--90721 vom 29.07.22 REFERENZEN: NOTPROVIDED ICFSCT220811164734TDE0CH32283632516 220811CH092FDME7</AddtlNtryInf></Ntry><Ntry><Amt Ccy="CHF">2517.44</Amt><CdtDbtInd>DBIT</CdtDbtInd><RvslInd>false</RvslInd><Sts>BOOK</Sts><BookgDt><Dt>2022-08-12</Dt></BookgDt><ValDt><Dt>2022-08-12</Dt></ValDt><AcctSvcrRef>2242200092CMA6MK</AcctSvcrRef><BkTxCd><Domn><Cd>PMNT</Cd><Fmly><Cd>ICDT</Cd><SubFmlyCd>ESCT</SubFmlyCd></Fmly></Domn></BkTxCd><NtryDtls><TxDtls><Refs><AcctSvcrRef>25-639853444-1</AcctSvcrRef><PmtInfId>25:639853444</PmtInfId><InstrId>20220811000800700352832</InstrId></Refs><Amt Ccy="CHF">2517.44</Amt><CdtDbtInd>DBIT</CdtDbtInd><AmtDtls><InstdAmt><Amt Ccy="EUR">2558.63</Amt><CcyXchg><SrcCcy>EUR</SrcCcy><XchgRate>0.9839</XchgRate></CcyXchg></InstdAmt></AmtDtls><BkTxCd><Domn><Cd>PMNT</Cd><Fmly><Cd>ICDT</Cd><SubFmlyCd>ESCT</SubFmlyCd></Fmly></Domn></BkTxCd><RltdPties><Cdtr><Nm>Luoyang Blue Whale Office Furniture Co., Ltd.</Nm><PstlAdr><StrtNm>rue du Laboratoire</StrtNm><BldgNb>9</BldgNb><PstCd>1911</PstCd><TwnNm>Luxembourg</TwnNm><Ctry>LU</Ctry></PstlAdr></Cdtr><CdtrAcct><Id><IBAN>LU930670004199758540</IBAN></Id></CdtrAcct></RltdPties><RltdAgts><CdtrAgt><FinInstnId><BICFI>CHASLULXXXX</BICFI><Nm>J.P. MORGAN SE - LUXEMBOURG BRANCH</Nm><PstlAdr><Ctry>LU</Ctry><AdrLine>6 ROUTE DE TREVES L-2663 SENNINGERBERG</AdrLine></PstlAdr></FinInstnId></CdtrAgt></RltdAgts><RmtInf><Ustrd>148948751001022575</Ustrd><Strd><AddtlRmtInf>Mein-Stehtisch.ch Office Schrank</AddtlRmtInf></Strd></RmtInf></TxDtls></NtryDtls><AddtlNtryInf>GIRO INTERNATIONAL (SEPA) EUR 2'558.63 ZUM KURS VON 0.9839 J.P. MORGAN SE - LUXEMBOURG BRANCH 6 ROUTE DE TREVES L-2663 SENNINGERBERG LU930670004199758540 Luoyang Blue Whale Office Furniture  Co., Ltd. rue du Laboratoire 9 1911 Luxembourg SENDER REFERENZ: Mein-Stehtisch.ch Office Schrank 20220811000800700352832</AddtlNtryInf></Ntry><Ntry><Amt Ccy="CHF">59.90</Amt><CdtDbtInd>CRDT</CdtDbtInd><RvslInd>false</RvslInd><Sts>BOOK</Sts><BookgDt><Dt>2022-08-12</Dt></BookgDt><ValDt><Dt>2022-08-12</Dt></ValDt><AcctSvcrRef>2242201092I1YQ7K</AcctSvcrRef><BkTxCd><Domn><Cd>PMNT</Cd><Fmly><Cd>RCDT</Cd><SubFmlyCd>ATXN</SubFmlyCd></Fmly></Domn></BkTxCd><NtryDtls><Btch><NbOfTxs>1</NbOfTxs></Btch><TxDtls><Refs><AcctSvcrRef>220812CH092I1YQ7</AcctSvcrRef><InstrId>9976224TI7193782</InstrId><EndToEndId>NOTPROVIDED</EndToEndId><Prtry><Tp>00</Tp><Ref>220812CH092I1YQ7</Ref></Prtry></Refs><Amt Ccy="CHF">59.90</Amt><CdtDbtInd>CRDT</CdtDbtInd><BkTxCd><Domn><Cd>PMNT</Cd><Fmly><Cd>RCDT</Cd><SubFmlyCd>ATXN</SubFmlyCd></Fmly></Domn></BkTxCd><RltdPties><Dbtr><Nm>JOSE LEONARDO LAMPERT U/O</Nm><PstlAdr><AdrLine>FRAU CARLA BEATRIZ LANDOLT LAMPERT</AdrLine><AdrLine>NEUNBRUNNENSTRASSE 74 CH 8050 ZUERI</AdrLine></PstlAdr></Dbtr><DbtrAcct><Id><IBAN>CH810027627680973440Y</IBAN></Id></DbtrAcct><CdtrAcct><Id><IBAN>CH9209000000414939852</IBAN></Id></CdtrAcct></RltdPties><RltdAgts><DbtrAgt><FinInstnId><ClrSysMmbId><MmbId>276</MmbId></ClrSysMmbId><Nm>UBS Switzerland AG</Nm><PstlAdr><AdrLine>Bahnhofplatz 10</AdrLine><AdrLine>8910 Affoltern am Albis</AdrLine></PstlAdr></FinInstnId></DbtrAgt></RltdAgts><RmtInf><Strd><AddtlRmtInf>?REJECT?0</AddtlRmtInf><AddtlRmtInf>?ERROR?000</AddtlRmtInf></Strd></RmtInf><RltdDts><AccptncDtTm>2022-08-12T20:00:00</AccptncDtTm></RltdDts></TxDtls></NtryDtls><AddtlNtryInf>GUTSCHRIFT AUFTRAGGEBER: JOSE LEONARDO LAMPERT U/O FRAU CARLA BEATRIZ LANDOLT LAMPERT  NEUNBRUNNENSTRASSE 74 CH 8050 ZUERI SPESENBETRAG 0.00 CHF SHA REFERENZEN: NOTPROVIDED 9976224TI7193782 220812CH092I1YQ7</AddtlNtryInf></Ntry><Ntry><Amt Ccy="CHF">1191.50</Amt><CdtDbtInd>DBIT</CdtDbtInd><RvslInd>false</RvslInd><Sts>BOOK</Sts><BookgDt><Dt>2022-08-12</Dt></BookgDt><ValDt><Dt>2022-08-12</Dt></ValDt><AcctSvcrRef>2242200092JH30LK</AcctSvcrRef><BkTxCd><Domn><Cd>PMNT</Cd><Fmly><Cd>ICDT</Cd><SubFmlyCd>DMCT</SubFmlyCd></Fmly></Domn></BkTxCd><Chrgs><TtlChrgsAndTaxAmt Ccy="CHF">5.00</TtlChrgsAndTaxAmt><Rcrd><Amt Ccy="CHF">5.00</Amt><CdtDbtInd>DBIT</CdtDbtInd><ChrgInclInd>false</ChrgInclInd><Tp><Prtry><Id>20</Id></Prtry></Tp></Rcrd></Chrgs><NtryDtls><TxDtls><Refs><AcctSvcrRef>25-640266869-1</AcctSvcrRef><PmtInfId>25:640266869</PmtInfId><InstrId>20220812000800713583518</InstrId></Refs><Amt Ccy="CHF">1191.50</Amt><CdtDbtInd>DBIT</CdtDbtInd><BkTxCd><Domn><Cd>PMNT</Cd><Fmly><Cd>ICDT</Cd><SubFmlyCd>DMCT</SubFmlyCd></Fmly></Domn></BkTxCd><RltdPties><Cdtr><Nm>BMW Finanzdienstleistungen (Schweiz) AG</Nm><PstlAdr><Ctry>CH</Ctry></PstlAdr></Cdtr><CdtrAcct><Id><IBAN>CH6430211000001080689</IBAN></Id></CdtrAcct></RltdPties><RltdAgts><CdtrAgt><FinInstnId><BICFI>BBRUCHGTXXX</BICFI><Nm>ING Bank N.V., Amsterdam,succursale de Lancy/Genè</Nm><PstlAdr><Ctry>CH</Ctry><AdrLine>Avenue de Morgines 10 1213 Petit-Lancy</AdrLine></PstlAdr></FinInstnId></CdtrAgt></RltdAgts><RmtInf><Strd><CdtrRefInf><Tp><CdOrPrtry><Prtry>QRR</Prtry></CdOrPrtry></Tp><Ref>130780500150040424300000018</Ref></CdtrRefInf><AddtlRmtInf>Taycan Leasing</AddtlRmtInf></Strd></RmtInf></TxDtls></NtryDtls><AddtlNtryInf>EXPRESS LASTSCHRIFT ING Bank N.V., Amsterdam, succursale de Lancy/Genè Avenue de Morgines 10 1213 Petit-Lancy CH6430211000001080689 BMW Finanzdienstleistungen (Schweiz ) AG SENDER REFERENZ: Taycan Leasing 20220812000800713583518</AddtlNtryInf></Ntry><Ntry><NtryRef>CH4330000001414939852</NtryRef><Amt Ccy="CHF">6370.90</Amt><CdtDbtInd>CRDT</CdtDbtInd><RvslInd>false</RvslInd><Sts>BOOK</Sts><BookgDt><Dt>2022-08-12</Dt></BookgDt><ValDt><Dt>2022-08-12</Dt></ValDt><AcctSvcrRef>2242200092L713QU</AcctSvcrRef><BkTxCd><Domn><Cd>PMNT</Cd><Fmly><Cd>RCDT</Cd><SubFmlyCd>VCOM</SubFmlyCd></Fmly></Domn></BkTxCd><Chrgs><TtlChrgsAndTaxAmt Ccy="CHF">3.20</TtlChrgsAndTaxAmt><Rcrd><Amt Ccy="CHF">3.20</Amt><CdtDbtInd>DBIT</CdtDbtInd><ChrgInclInd>false</ChrgInclInd><Tp><Prtry><Id>2</Id></Prtry></Tp></Rcrd></Chrgs><NtryDtls><TxDtls><Refs><AcctSvcrRef>2242200092L713QU</AcctSvcrRef></Refs><Amt Ccy="CHF">6370.90</Amt><CdtDbtInd>CRDT</CdtDbtInd></TxDtls></NtryDtls><AddtlNtryInf>SAMMELGUTSCHRIFT FÜR KONTO: CH4330000001414939852 VERARBEITUNG VOM 12.08.2022 PAKET ID: 220812CH000006A9</AddtlNtryInf></Ntry><Ntry><Amt Ccy="CHF">59.90</Amt><CdtDbtInd>CRDT</CdtDbtInd><RvslInd>false</RvslInd><Sts>BOOK</Sts><BookgDt><Dt>2022-08-12</Dt></BookgDt><ValDt><Dt>2022-08-12</Dt></ValDt><AcctSvcrRef>2242400169805743</AcctSvcrRef><BkTxCd><Domn><Cd>PMNT</Cd><Fmly><Cd>MCRD</Cd><SubFmlyCd>POSP</SubFmlyCd></Fmly></Domn></BkTxCd><NtryDtls><TxDtls><Refs><AcctSvcrRef>2242400169805743</AcctSvcrRef></Refs><Amt Ccy="CHF">59.90</Amt><CdtDbtInd>CRDT</CdtDbtInd></TxDtls></NtryDtls><AddtlNtryInf>GUTSCHRIFT E-PAYMENT-TRANSAKTIONEN POSTFINANCE CARD EINLIEFERUNG VOM 11.08.2022 eversmart products Handels GmbH PFAQ08YK0000001 www.fersensporn-frei.ch</AddtlNtryInf></Ntry></Stmt></BkToCstmrStmt></Document>
