<?xml version="1.0" encoding="UTF-8"?>
<Document xmlns="urn:iso:std:iso:20022:tech:xsd:camt.053.001.04" xmlns:xsi="http://www.w3.org/2001/XMLSchema-instance" xsi:schemaLocation="urn:iso:std:iso:20022:tech:xsd:camt.053.001.04 camt.053.001.04.xsd"><BkToCstmrStmt><GrpHdr><MsgId>20220822375204908487361</MsgId><CreDtTm>2022-08-23T02:00:39</CreDtTm><MsgPgntn><PgNb>1</PgNb><LastPgInd>true</LastPgInd></MsgPgntn><AddtlInf>SPS/1.7/PROD</AddtlInf></GrpHdr><Stmt><Id>20220822375204908487371</Id><ElctrncSeqNb>163</ElctrncSeqNb><CreDtTm>2022-08-23T02:00:39</CreDtTm><FrToDt><FrDtTm>2022-08-20T00:00:00</FrDtTm><ToDtTm>2022-08-22T23:59:59</ToDtTm></FrToDt><Acct><Id><IBAN>CH9209000000414939852</IBAN></Id><Ownr><Nm>eversmart products Handels GmbH Pfäffikon SZ</Nm></Ownr></Acct><Bal><Tp><CdOrPrtry><Cd>OPBD</Cd></CdOrPrtry></Tp><Amt Ccy="CHF">199797.38</Amt><CdtDbtInd>CRDT</CdtDbtInd><Dt><Dt>2022-08-20</Dt></Dt></Bal><Bal><Tp><CdOrPrtry><Cd>CLBD</Cd></CdOrPrtry></Tp><Amt Ccy="CHF">185923.24</Amt><CdtDbtInd>CRDT</CdtDbtInd><Dt><Dt>2022-08-22</Dt></Dt></Bal><Bal><Tp><CdOrPrtry><Cd>CLAV</Cd></CdOrPrtry></Tp><Amt Ccy="CHF">185923.24</Amt><CdtDbtInd>CRDT</CdtDbtInd><Dt><Dt>2022-08-22</Dt></Dt></Bal><Ntry><Amt Ccy="CHF">16662.80</Amt><CdtDbtInd>DBIT</CdtDbtInd><RvslInd>false</RvslInd><Sts>BOOK</Sts><BookgDt><Dt>2022-08-22</Dt></BookgDt><ValDt><Dt>2022-08-22</Dt></ValDt><AcctSvcrRef>234220009391VSSK</AcctSvcrRef><BkTxCd><Domn><Cd>PMNT</Cd><Fmly><Cd>ICDT</Cd><SubFmlyCd>DMCT</SubFmlyCd></Fmly></Domn></BkTxCd><NtryDtls><TxDtls><Refs><AcctSvcrRef>25-642961523-1</AcctSvcrRef><PmtInfId>25:642961523</PmtInfId><InstrId>20220819000800810324125</InstrId></Refs><Amt Ccy="CHF">16662.80</Amt><CdtDbtInd>DBIT</CdtDbtInd><BkTxCd><Domn><Cd>PMNT</Cd><Fmly><Cd>ICDT</Cd><SubFmlyCd>DMCT</SubFmlyCd></Fmly></Domn></BkTxCd><RltdPties><Cdtr><Nm>Timo Miczek</Nm><PstlAdr><Ctry>CH</Ctry><AdrLine>Schindellegistrasse 65 8808 Pfäffikon</AdrLine></PstlAdr></Cdtr><CdtrAcct><Id><IBAN>CH2981479000001234792</IBAN></Id></CdtrAcct></RltdPties><RltdAgts><CdtrAgt><FinInstnId><BICFI>RAIFCH22E79</BICFI><Nm>Raiffeisenbank Weinland</Nm><PstlAdr><Ctry>CH</Ctry><AdrLine>Thurtalstrasse 4 8450 Andelfingen</AdrLine></PstlAdr></FinInstnId></CdtrAgt></RltdAgts><RmtInf><Ustrd>Lohn August 2022</Ustrd><Strd><AddtlRmtInf>Lohn August 2022</AddtlRmtInf></Strd></RmtInf></TxDtls></NtryDtls><AddtlNtryInf>LASTSCHRIFT RAIFFEISENBANK WEINLAND THURTALSTRASSE 4 8450 ANDELFINGEN CH2981479000001234792 TIMO MICZEK SCHINDELLEGISTRASSE 65 8808 PFÄFFIKON SENDER REFERENZ: LOHN AUGUST 2022 20220819000800810324125</AddtlNtryInf></Ntry><Ntry><Amt Ccy="CHF">2274.36</Amt><CdtDbtInd>DBIT</CdtDbtInd><RvslInd>false</RvslInd><Sts>BOOK</Sts><BookgDt><Dt>2022-08-22</Dt></BookgDt><ValDt><Dt>2022-08-22</Dt></ValDt><AcctSvcrRef>2342200093EJUEJK</AcctSvcrRef><BkTxCd><Domn><Cd>PMNT</Cd><Fmly><Cd>ICDT</Cd><SubFmlyCd>DMCT</SubFmlyCd></Fmly></Domn></BkTxCd><NtryDtls><TxDtls><Refs><AcctSvcrRef>25-642961126-1</AcctSvcrRef><PmtInfId>25:642961126</PmtInfId><InstrId>20220819000800810308951</InstrId></Refs><Amt Ccy="CHF">2274.36</Amt><CdtDbtInd>DBIT</CdtDbtInd><BkTxCd><Domn><Cd>PMNT</Cd><Fmly><Cd>ICDT</Cd><SubFmlyCd>DMCT</SubFmlyCd></Fmly></Domn></BkTxCd><RltdPties><Cdtr><Nm>Nunes de Moura Adairlis</Nm><PstlAdr><Ctry>CH</Ctry></PstlAdr></Cdtr><CdtrAcct><Id><IBAN>CH9280808007332815007</IBAN></Id></CdtrAcct></RltdPties><RltdAgts><CdtrAgt><FinInstnId><BICFI>RAIFCH22XXX</BICFI><Nm>Raiffeisen</Nm><PstlAdr><Ctry>CH</Ctry><AdrLine>Raiffeisenplatz</AdrLine><AdrLine>9001 St. Gallen</AdrLine></PstlAdr></FinInstnId></CdtrAgt></RltdAgts><RmtInf><Ustrd>Lohn August 2022</Ustrd><Strd><AddtlRmtInf>Lohn August 2022</AddtlRmtInf></Strd></RmtInf></TxDtls></NtryDtls><AddtlNtryInf>LASTSCHRIFT RAIFFEISEN RAIFFEISENPLATZ 9001 ST. GALLEN CH9280808007332815007 NUNES DE MOURA ADAIRLIS SENDER REFERENZ: LOHN AUGUST 2022 20220819000800810308951</AddtlNtryInf></Ntry><Ntry><NtryRef>CH9209000000414939852</NtryRef><Amt Ccy="CHF">1027.00</Amt><CdtDbtInd>CRDT</CdtDbtInd><RvslInd>false</RvslInd><Sts>BOOK</Sts><BookgDt><Dt>2022-08-22</Dt></BookgDt><ValDt><Dt>2022-08-22</Dt></ValDt><AcctSvcrRef>2342201093ID5EAK</AcctSvcrRef><BkTxCd><Domn><Cd>PMNT</Cd><Fmly><Cd>RCDT</Cd><SubFmlyCd>ATXN</SubFmlyCd></Fmly></Domn></BkTxCd><NtryDtls><Btch><NbOfTxs>1</NbOfTxs></Btch><TxDtls><Refs><AcctSvcrRef>220822CH093ID5EA</AcctSvcrRef><InstrId>20819873514.0001</InstrId><EndToEndId>NOTPROVIDED</EndToEndId><Prtry><Tp>00</Tp><Ref>220822CH093ID5EA</Ref></Prtry></Refs><Amt Ccy="CHF">1027.00</Amt><CdtDbtInd>CRDT</CdtDbtInd><BkTxCd><Domn><Cd>PMNT</Cd><Fmly><Cd>RCDT</Cd><SubFmlyCd>ATXN</SubFmlyCd></Fmly></Domn></BkTxCd><RltdPties><Dbtr><Nm>POLOVINKIN SERGEY</Nm><PstlAdr><StrtNm>Rue des Freres-Lumiere</StrtNm><BldgNb>8</BldgNb><PstCd>1723</PstCd><TwnNm>Marly</TwnNm><Ctry>CH</Ctry></PstlAdr></Dbtr><DbtrAcct><Id><IBAN>CH0200788000050238737</IBAN></Id></DbtrAcct><CdtrAcct><Id><IBAN>CH9209000000414939852</IBAN></Id></CdtrAcct></RltdPties><RltdAgts><DbtrAgt><FinInstnId><ClrSysMmbId><MmbId>788</MmbId></ClrSysMmbId><Nm>Banque Cantonale de Genève</Nm><PstlAdr><AdrLine>1211 Genève 2</AdrLine></PstlAdr></FinInstnId></DbtrAgt></RltdAgts><RmtInf><Ustrd>Commande/bestellung no. 9586</Ustrd><Strd><AddtlRmtInf>?REJECT?0</AddtlRmtInf><AddtlRmtInf>?ERROR?000</AddtlRmtInf></Strd></RmtInf><RltdDts><AccptncDtTm>2022-08-22T20:00:00</AccptncDtTm></RltdDts></TxDtls></NtryDtls><AddtlNtryInf>GUTSCHRIFT AUFTRAGGEBER: POLOVINKIN SERGEY RUE DES FRERES-LUMIERE 8 1723 MARLY MITTEILUNGEN: COMMANDE/BESTELLUNG NO. 9586 REFERENZEN: NOTPROVIDED 20819873514.0001 220822CH093ID5EA</AddtlNtryInf></Ntry><Ntry><NtryRef>CH9209000000414939852</NtryRef><Amt Ccy="CHF">79.90</Amt><CdtDbtInd>CRDT</CdtDbtInd><RvslInd>false</RvslInd><Sts>BOOK</Sts><BookgDt><Dt>2022-08-22</Dt></BookgDt><ValDt><Dt>2022-08-22</Dt></ValDt><AcctSvcrRef>2342201093IHOI8K</AcctSvcrRef><BkTxCd><Domn><Cd>PMNT</Cd><Fmly><Cd>RCDT</Cd><SubFmlyCd>ATXN</SubFmlyCd></Fmly></Domn></BkTxCd><NtryDtls><Btch><NbOfTxs>1</NbOfTxs></Btch><TxDtls><Refs><AcctSvcrRef>220822CH093IHOI8</AcctSvcrRef><InstrId>16828775879/6XXX</InstrId><EndToEndId>NOTPROVIDED</EndToEndId><Prtry><Tp>00</Tp><Ref>220822CH093IHOI8</Ref></Prtry></Refs><Amt Ccy="CHF">79.90</Amt><CdtDbtInd>CRDT</CdtDbtInd><BkTxCd><Domn><Cd>PMNT</Cd><Fmly><Cd>RCDT</Cd><SubFmlyCd>ATXN</SubFmlyCd></Fmly></Domn></BkTxCd><RltdPties><Dbtr><Nm>Julia Voges</Nm><PstlAdr><AdrLine>Unterer Wiestiweg 3</AdrLine><AdrLine>3920 Zermatt</AdrLine></PstlAdr></Dbtr><DbtrAcct><Id><IBAN>CH5780808005138996707</IBAN></Id></DbtrAcct><CdtrAcct><Id><IBAN>CH9209000000414939852</IBAN></Id></CdtrAcct></RltdPties><RltdAgts><DbtrAgt><FinInstnId><ClrSysMmbId><MmbId>80496</MmbId></ClrSysMmbId><Nm>Raiffeisenbank Mischabel-Matterhorn</Nm><PstlAdr><AdrLine>Bahnhofstrasse 13 - 15</AdrLine><AdrLine>3924 St. Niklaus VS</AdrLine></PstlAdr></FinInstnId></DbtrAgt></RltdAgts><RmtInf><Ustrd>Rechnungsnummer RE-91592 Kundennumm</Ustrd><Ustrd>er 080130</Ustrd><Strd><AddtlRmtInf>?REJECT?0</AddtlRmtInf><AddtlRmtInf>?ERROR?000</AddtlRmtInf></Strd></RmtInf><RltdDts><AccptncDtTm>2022-08-22T20:00:00</AccptncDtTm></RltdDts></TxDtls></NtryDtls><AddtlNtryInf>GUTSCHRIFT AUFTRAGGEBER: JULIA VOGES UNTERER WIESTIWEG 3 3920 ZERMATT MITTEILUNGEN: RECHNUNGSNUMMER RE-91592 KUNDENNUMM ER 080130 REFERENZEN: NOTPROVIDED 16828775879/6XXX 220822CH093IHOI8</AddtlNtryInf></Ntry><Ntry><NtryRef>CH9209000000414939852</NtryRef><Amt Ccy="CHF">2659.09</Amt><CdtDbtInd>CRDT</CdtDbtInd><RvslInd>false</RvslInd><Sts>BOOK</Sts><BookgDt><Dt>2022-08-22</Dt></BookgDt><ValDt><Dt>2022-08-22</Dt></ValDt><AcctSvcrRef>2342200093AU2U2K</AcctSvcrRef><BkTxCd><Domn><Cd>PMNT</Cd><Fmly><Cd>RCDT</Cd><SubFmlyCd>AUTT</SubFmlyCd></Fmly></Domn></BkTxCd><NtryDtls><Btch><NbOfTxs>1</NbOfTxs></Btch><TxDtls><Refs><MsgId>TWINT20220818-101-Merchant</MsgId><AcctSvcrRef>220819CH093AU2U2</AcctSvcrRef><PmtInfId>TWINT20220818-101-Merchant-B1</PmtInfId><InstrId>93f56e748ec94eae90d2f6170f134f53</InstrId><EndToEndId>TWINT20220818-101-Merchant-B1</EndToEndId><Prtry><Tp>00</Tp><Ref>220819CH093AU2U2</Ref></Prtry></Refs><Amt Ccy="CHF">2659.09</Amt><CdtDbtInd>CRDT</CdtDbtInd><BkTxCd><Domn><Cd>PMNT</Cd><Fmly><Cd>RCDT</Cd><SubFmlyCd>AUTT</SubFmlyCd></Fmly></Domn></BkTxCd><RltdPties><Dbtr><Nm>TWINT Acquiring AG</Nm><PstlAdr><StrtNm>Stauffacherstrasse</StrtNm><BldgNb>41</BldgNb><PstCd>8004</PstCd><TwnNm>Zürich</TwnNm><Ctry>CH</Ctry></PstlAdr></Dbtr><DbtrAcct><Id><IBAN>CH6609000000313087410</IBAN></Id></DbtrAcct><CdtrAcct><Id><IBAN>CH9209000000414939852</IBAN></Id></CdtrAcct></RltdPties><RltdAgts><DbtrAgt><FinInstnId><BICFI>POFICHBEXXX</BICFI><Nm>POSTFINANCE AG</Nm><PstlAdr><AdrLine>MINGERSTRASSE , 20</AdrLine><AdrLine>3030 BERN</AdrLine></PstlAdr></FinInstnId></DbtrAgt></RltdAgts><RmtInf><Ustrd>999999 TWINT TWINT Auszahlungen Pay</Ustrd><Ustrd>out 20220819                       </Ustrd><Ustrd>   Gross: 2695.40 Fees: -36.31</Ustrd><Strd><AddtlRmtInf>?REJECT?0</AddtlRmtInf><AddtlRmtInf>?ERROR?000</AddtlRmtInf></Strd></RmtInf><RltdDts><AccptncDtTm>2022-08-22T20:00:00</AccptncDtTm></RltdDts></TxDtls></NtryDtls><AddtlNtryInf>GUTSCHRIFT CH6609000000313087410 ABSENDER: TWINT ACQUIRING AG STAUFFACHERSTRASSE 41 8004 ZÜRICH MITTEILUNGEN: 999999 TWINT TWINT AUSZAHLUNGEN PAY OUT 20220819                           GROSS: 2695.40 FEES: -36.31 REFERENZEN: TWINT20220818-101-MERCHANT-B1</AddtlNtryInf></Ntry><Ntry><Amt Ccy="CHF">7221.97</Amt><CdtDbtInd>DBIT</CdtDbtInd><RvslInd>false</RvslInd><Sts>BOOK</Sts><BookgDt><Dt>2022-08-22</Dt></BookgDt><ValDt><Dt>2022-08-22</Dt></ValDt><AcctSvcrRef>2342200093EDKCTK</AcctSvcrRef><BkTxCd><Domn><Cd>PMNT</Cd><Fmly><Cd>ICDT</Cd><SubFmlyCd>ESCT</SubFmlyCd></Fmly></Domn></BkTxCd><NtryDtls><TxDtls><Refs><AcctSvcrRef>25-642956613-1</AcctSvcrRef><PmtInfId>25:642956613</PmtInfId><InstrId>20220819000800810132840</InstrId></Refs><Amt Ccy="CHF">7221.97</Amt><CdtDbtInd>DBIT</CdtDbtInd><AmtDtls><InstdAmt><Amt Ccy="EUR">7408.67</Amt><CcyXchg><SrcCcy>EUR</SrcCcy><XchgRate>0.9748</XchgRate></CcyXchg></InstdAmt></AmtDtls><BkTxCd><Domn><Cd>PMNT</Cd><Fmly><Cd>ICDT</Cd><SubFmlyCd>ESCT</SubFmlyCd></Fmly></Domn></BkTxCd><RltdPties><Cdtr><Nm>Guangzhou Eterna Lighting Co., Ltd.</Nm><PstlAdr><StrtNm>rue du Laboratoire</StrtNm><BldgNb>9</BldgNb><PstCd>1911</PstCd><TwnNm>Luxembourg</TwnNm><Ctry>LU</Ctry></PstlAdr></Cdtr><CdtrAcct><Id><IBAN>LU580670004237444737</IBAN></Id></CdtrAcct></RltdPties><RltdAgts><CdtrAgt><FinInstnId><BICFI>CHASLULXXXX</BICFI><Nm>J.P. MORGAN SE - LUXEMBOURG BRANCH</Nm><PstlAdr><Ctry>LU</Ctry><AdrLine>6 ROUTE DE TREVES L-2663 SENNINGERBERG</AdrLine></PstlAdr></FinInstnId></CdtrAgt></RltdAgts><RmtInf><Ustrd>144737539501022575</Ustrd><Strd><AddtlRmtInf>Stehlampen 2/2 Zahlung</AddtlRmtInf></Strd></RmtInf></TxDtls></NtryDtls><AddtlNtryInf>GIRO INTERNATIONAL (SEPA) EUR 7'408.67 ZUM KURS VON 0.9748 J.P. MORGAN SE - LUXEMBOURG BRANCH 6 ROUTE DE TREVES L-2663 SENNINGERBERG LU580670004237444737 GUANGZHOU ETERNA LIGHTING CO., LTD. RUE DU LABORATOIRE 9 1911 LUXEMBOURG SENDER REFERENZ: STEHLAMPEN 2/2 ZAHLUNG 20220819000800810132840</AddtlNtryInf></Ntry><Ntry><NtryRef>CH9209000000414939852</NtryRef><Amt Ccy="CHF">41.58</Amt><CdtDbtInd>CRDT</CdtDbtInd><RvslInd>false</RvslInd><Sts>BOOK</Sts><BookgDt><Dt>2022-08-22</Dt></BookgDt><ValDt><Dt>2022-08-22</Dt></ValDt><AcctSvcrRef>2342201093KWZ6PK</AcctSvcrRef><BkTxCd><Domn><Cd>PMNT</Cd><Fmly><Cd>RCDT</Cd><SubFmlyCd>ATXN</SubFmlyCd></Fmly></Domn></BkTxCd><NtryDtls><Btch><NbOfTxs>1</NbOfTxs></Btch><TxDtls><Refs><AcctSvcrRef>220822CH093KWZ6P</AcctSvcrRef><InstrId>9901734E63024630</InstrId><EndToEndId>CONCA00000004706</EndToEndId><Prtry><Tp>00</Tp><Ref>220822CH093KWZ6P</Ref></Prtry></Refs><Amt Ccy="CHF">41.58</Amt><CdtDbtInd>CRDT</CdtDbtInd><BkTxCd><Domn><Cd>PMNT</Cd><Fmly><Cd>RCDT</Cd><SubFmlyCd>ATXN</SubFmlyCd></Fmly></Domn></BkTxCd><RltdPties><Dbtr><Nm>CONCARDIS GMBH</Nm><PstlAdr><AdrLine>HELFMANN PARK 7 DE 65760 ESCHBORN</AdrLine></PstlAdr></Dbtr><DbtrAcct><Id><IBAN>CH830023023065770601M</IBAN></Id></DbtrAcct><CdtrAcct><Id><IBAN>CH9209000000414939852</IBAN></Id></CdtrAcct></RltdPties><RltdAgts><DbtrAgt><FinInstnId><ClrSysMmbId><MmbId>230</MmbId></ClrSysMmbId><Nm>UBS Switzerland AG</Nm><PstlAdr><AdrLine>Bahnhofstrasse 45</AdrLine><AdrLine>8098 Zürich</AdrLine></PstlAdr></FinInstnId></DbtrAgt></RltdAgts><RmtInf><Ustrd>MC:DAT10.08.22:ZAHL-NR000010:BRUTTO</Ustrd><Ustrd>42,20:KOM0,62:VP156589338:FIL:TRX2</Ustrd><Strd><AddtlRmtInf>?REJECT?0</AddtlRmtInf><AddtlRmtInf>?ERROR?000</AddtlRmtInf></Strd></RmtInf><RltdDts><AccptncDtTm>2022-08-22T20:00:00</AccptncDtTm></RltdDts></TxDtls></NtryDtls><AddtlNtryInf>GUTSCHRIFT AUFTRAGGEBER: CONCARDIS GMBH HELFMANN PARK 7 DE 65760 ESCHBORN MITTEILUNGEN: MC:DAT10.08.22:ZAHL-NR000010:BRUTTO 42,20:KOM0,62:VP156589338:FIL:TRX2 SPESENBETRAG 0.00 CHF SHA REFERENZEN: CONCA00000004706 9901734E63024630 220822CH093KWZ6P</AddtlNtryInf></Ntry><Ntry><NtryRef>CH9209000000414939852</NtryRef><Amt Ccy="CHF">160.43</Amt><CdtDbtInd>CRDT</CdtDbtInd><RvslInd>false</RvslInd><Sts>BOOK</Sts><BookgDt><Dt>2022-08-22</Dt></BookgDt><ValDt><Dt>2022-08-22</Dt></ValDt><AcctSvcrRef>2342201093KX283K</AcctSvcrRef><BkTxCd><Domn><Cd>PMNT</Cd><Fmly><Cd>RCDT</Cd><SubFmlyCd>ATXN</SubFmlyCd></Fmly></Domn></BkTxCd><NtryDtls><Btch><NbOfTxs>1</NbOfTxs></Btch><TxDtls><Refs><AcctSvcrRef>220822CH093KX283</AcctSvcrRef><InstrId>9901734E63024632</InstrId><EndToEndId>CONCA00000004708</EndToEndId><Prtry><Tp>00</Tp><Ref>220822CH093KX283</Ref></Prtry></Refs><Amt Ccy="CHF">160.43</Amt><CdtDbtInd>CRDT</CdtDbtInd><BkTxCd><Domn><Cd>PMNT</Cd><Fmly><Cd>RCDT</Cd><SubFmlyCd>ATXN</SubFmlyCd></Fmly></Domn></BkTxCd><RltdPties><Dbtr><Nm>CONCARDIS GMBH</Nm><PstlAdr><AdrLine>HELFMANN PARK 7 DE 65760 ESCHBORN</AdrLine></PstlAdr></Dbtr><DbtrAcct><Id><IBAN>CH830023023065770601M</IBAN></Id></DbtrAcct><CdtrAcct><Id><IBAN>CH9209000000414939852</IBAN></Id></CdtrAcct></RltdPties><RltdAgts><DbtrAgt><FinInstnId><ClrSysMmbId><MmbId>230</MmbId></ClrSysMmbId><Nm>UBS Switzerland AG</Nm><PstlAdr><AdrLine>Bahnhofstrasse 45</AdrLine><AdrLine>8098 Zürich</AdrLine></PstlAdr></FinInstnId></DbtrAgt></RltdAgts><RmtInf><Ustrd>MC:DAT10.08.22:ZAHL-NR000016:BRUTTO</Ustrd><Ustrd>162,78:KOM2,35:VP156589362:FIL:TRX3</Ustrd><Strd><AddtlRmtInf>?REJECT?0</AddtlRmtInf><AddtlRmtInf>?ERROR?000</AddtlRmtInf></Strd></RmtInf><RltdDts><AccptncDtTm>2022-08-22T20:00:00</AccptncDtTm></RltdDts></TxDtls></NtryDtls><AddtlNtryInf>GUTSCHRIFT AUFTRAGGEBER: CONCARDIS GMBH HELFMANN PARK 7 DE 65760 ESCHBORN MITTEILUNGEN: MC:DAT10.08.22:ZAHL-NR000016:BRUTTO 162,78:KOM2,35:VP156589362:FIL:TRX3 SPESENBETRAG 0.00 CHF SHA REFERENZEN: CONCA00000004708 9901734E63024632 220822CH093KX283</AddtlNtryInf></Ntry><Ntry><NtryRef>CH9209000000414939852</NtryRef><Amt Ccy="CHF">100.24</Amt><CdtDbtInd>CRDT</CdtDbtInd><RvslInd>false</RvslInd><Sts>BOOK</Sts><BookgDt><Dt>2022-08-22</Dt></BookgDt><ValDt><Dt>2022-08-22</Dt></ValDt><AcctSvcrRef>2342201093KX5XFK</AcctSvcrRef><BkTxCd><Domn><Cd>PMNT</Cd><Fmly><Cd>RCDT</Cd><SubFmlyCd>ATXN</SubFmlyCd></Fmly></Domn></BkTxCd><NtryDtls><Btch><NbOfTxs>1</NbOfTxs></Btch><TxDtls><Refs><AcctSvcrRef>220822CH093KX5XF</AcctSvcrRef><InstrId>9901734E63024634</InstrId><EndToEndId>CONCA00000004710</EndToEndId><Prtry><Tp>00</Tp><Ref>220822CH093KX5XF</Ref></Prtry></Refs><Amt Ccy="CHF">100.24</Amt><CdtDbtInd>CRDT</CdtDbtInd><BkTxCd><Domn><Cd>PMNT</Cd><Fmly><Cd>RCDT</Cd><SubFmlyCd>ATXN</SubFmlyCd></Fmly></Domn></BkTxCd><RltdPties><Dbtr><Nm>CONCARDIS GMBH</Nm><PstlAdr><AdrLine>HELFMANN PARK 7 DE 65760 ESCHBORN</AdrLine></PstlAdr></Dbtr><DbtrAcct><Id><IBAN>CH830023023065770601M</IBAN></Id></DbtrAcct><CdtrAcct><Id><IBAN>CH9209000000414939852</IBAN></Id></CdtrAcct></RltdPties><RltdAgts><DbtrAgt><FinInstnId><ClrSysMmbId><MmbId>230</MmbId></ClrSysMmbId><Nm>UBS Switzerland AG</Nm><PstlAdr><AdrLine>Bahnhofstrasse 45</AdrLine><AdrLine>8098 Zürich</AdrLine></PstlAdr></FinInstnId></DbtrAgt></RltdAgts><RmtInf><Ustrd>MC:DAT10.08.22:ZAHL-NR000008:BRUTTO</Ustrd><Ustrd>101,70:KOM1,46:VP156589388:FIL:TRX2</Ustrd><Strd><AddtlRmtInf>?REJECT?0</AddtlRmtInf><AddtlRmtInf>?ERROR?000</AddtlRmtInf></Strd></RmtInf><RltdDts><AccptncDtTm>2022-08-22T20:00:00</AccptncDtTm></RltdDts></TxDtls></NtryDtls><AddtlNtryInf>GUTSCHRIFT AUFTRAGGEBER: CONCARDIS GMBH HELFMANN PARK 7 DE 65760 ESCHBORN MITTEILUNGEN: MC:DAT10.08.22:ZAHL-NR000008:BRUTTO 101,70:KOM1,46:VP156589388:FIL:TRX2 SPESENBETRAG 0.00 CHF SHA REFERENZEN: CONCA00000004710 9901734E63024634 220822CH093KX5XF</AddtlNtryInf></Ntry><Ntry><NtryRef>CH9209000000414939852</NtryRef><Amt Ccy="CHF">60.10</Amt><CdtDbtInd>CRDT</CdtDbtInd><RvslInd>false</RvslInd><Sts>BOOK</Sts><BookgDt><Dt>2022-08-22</Dt></BookgDt><ValDt><Dt>2022-08-22</Dt></ValDt><AcctSvcrRef>2342201093KX6RTK</AcctSvcrRef><BkTxCd><Domn><Cd>PMNT</Cd><Fmly><Cd>RCDT</Cd><SubFmlyCd>ATXN</SubFmlyCd></Fmly></Domn></BkTxCd><NtryDtls><Btch><NbOfTxs>1</NbOfTxs></Btch><TxDtls><Refs><AcctSvcrRef>220822CH093KX6RT</AcctSvcrRef><InstrId>9901734E63024187</InstrId><EndToEndId>CONCA00000004663</EndToEndId><Prtry><Tp>00</Tp><Ref>220822CH093KX6RT</Ref></Prtry></Refs><Amt Ccy="CHF">60.10</Amt><CdtDbtInd>CRDT</CdtDbtInd><BkTxCd><Domn><Cd>PMNT</Cd><Fmly><Cd>RCDT</Cd><SubFmlyCd>ATXN</SubFmlyCd></Fmly></Domn></BkTxCd><RltdPties><Dbtr><Nm>CONCARDIS GMBH</Nm><PstlAdr><AdrLine>HELFMANN PARK 7 DE 65760 ESCHBORN</AdrLine></PstlAdr></Dbtr><DbtrAcct><Id><IBAN>CH830023023065770601M</IBAN></Id></DbtrAcct><CdtrAcct><Id><IBAN>CH9209000000414939852</IBAN></Id></CdtrAcct></RltdPties><RltdAgts><DbtrAgt><FinInstnId><ClrSysMmbId><MmbId>230</MmbId></ClrSysMmbId><Nm>UBS Switzerland AG</Nm><PstlAdr><AdrLine>Bahnhofstrasse 45</AdrLine><AdrLine>8098 Zürich</AdrLine></PstlAdr></FinInstnId></DbtrAgt></RltdAgts><RmtInf><Ustrd>MC:DAT10.08.22:ZAHL-NR000019:BRUTTO</Ustrd><Ustrd>61,04:KOM0,94:VP156581201:FIL:TRX2</Ustrd><Strd><AddtlRmtInf>?REJECT?0</AddtlRmtInf><AddtlRmtInf>?ERROR?000</AddtlRmtInf></Strd></RmtInf><RltdDts><AccptncDtTm>2022-08-22T20:00:00</AccptncDtTm></RltdDts></TxDtls></NtryDtls><AddtlNtryInf>GUTSCHRIFT AUFTRAGGEBER: CONCARDIS GMBH HELFMANN PARK 7 DE 65760 ESCHBORN MITTEILUNGEN: MC:DAT10.08.22:ZAHL-NR000019:BRUTTO 61,04:KOM0,94:VP156581201:FIL:TRX2 SPESENBETRAG 0.00 CHF SHA REFERENZEN: CONCA00000004663 9901734E63024187 220822CH093KX6RT</AddtlNtryInf></Ntry><Ntry><NtryRef>CH9209000000414939852</NtryRef><Amt Ccy="CHF">100.34</Amt><CdtDbtInd>CRDT</CdtDbtInd><RvslInd>false</RvslInd><Sts>BOOK</Sts><BookgDt><Dt>2022-08-22</Dt></BookgDt><ValDt><Dt>2022-08-22</Dt></ValDt><AcctSvcrRef>2342201093KWWXCK</AcctSvcrRef><BkTxCd><Domn><Cd>PMNT</Cd><Fmly><Cd>RCDT</Cd><SubFmlyCd>ATXN</SubFmlyCd></Fmly></Domn></BkTxCd><NtryDtls><Btch><NbOfTxs>1</NbOfTxs></Btch><TxDtls><Refs><AcctSvcrRef>220822CH093KWWXC</AcctSvcrRef><InstrId>9901734E63024631</InstrId><EndToEndId>CONCA00000004707</EndToEndId><Prtry><Tp>00</Tp><Ref>220822CH093KWWXC</Ref></Prtry></Refs><Amt Ccy="CHF">100.34</Amt><CdtDbtInd>CRDT</CdtDbtInd><BkTxCd><Domn><Cd>PMNT</Cd><Fmly><Cd>RCDT</Cd><SubFmlyCd>ATXN</SubFmlyCd></Fmly></Domn></BkTxCd><RltdPties><Dbtr><Nm>CONCARDIS GMBH</Nm><PstlAdr><AdrLine>HELFMANN PARK 7 DE 65760 ESCHBORN</AdrLine></PstlAdr></Dbtr><DbtrAcct><Id><IBAN>CH830023023065770601M</IBAN></Id></DbtrAcct><CdtrAcct><Id><IBAN>CH9209000000414939852</IBAN></Id></CdtrAcct></RltdPties><RltdAgts><DbtrAgt><FinInstnId><ClrSysMmbId><MmbId>230</MmbId></ClrSysMmbId><Nm>UBS Switzerland AG</Nm><PstlAdr><AdrLine>Bahnhofstrasse 45</AdrLine><AdrLine>8098 Zürich</AdrLine></PstlAdr></FinInstnId></DbtrAgt></RltdAgts><RmtInf><Ustrd>MC:DAT10.08.22:ZAHL-NR000011:BRUTTO</Ustrd><Ustrd>101,80:KOM1,46:VP156589354:FIL:TRX2</Ustrd><Strd><AddtlRmtInf>?REJECT?0</AddtlRmtInf><AddtlRmtInf>?ERROR?000</AddtlRmtInf></Strd></RmtInf><RltdDts><AccptncDtTm>2022-08-22T20:00:00</AccptncDtTm></RltdDts></TxDtls></NtryDtls><AddtlNtryInf>GUTSCHRIFT AUFTRAGGEBER: CONCARDIS GMBH HELFMANN PARK 7 DE 65760 ESCHBORN MITTEILUNGEN: MC:DAT10.08.22:ZAHL-NR000011:BRUTTO 101,80:KOM1,46:VP156589354:FIL:TRX2 SPESENBETRAG 0.00 CHF SHA REFERENZEN: CONCA00000004707 9901734E63024631 220822CH093KWWXC</AddtlNtryInf></Ntry><Ntry><NtryRef>CH9209000000414939852</NtryRef><Amt Ccy="CHF">80.24</Amt><CdtDbtInd>CRDT</CdtDbtInd><RvslInd>false</RvslInd><Sts>BOOK</Sts><BookgDt><Dt>2022-08-22</Dt></BookgDt><ValDt><Dt>2022-08-22</Dt></ValDt><AcctSvcrRef>2342201093KWXIFK</AcctSvcrRef><BkTxCd><Domn><Cd>PMNT</Cd><Fmly><Cd>RCDT</Cd><SubFmlyCd>ATXN</SubFmlyCd></Fmly></Domn></BkTxCd><NtryDtls><Btch><NbOfTxs>1</NbOfTxs></Btch><TxDtls><Refs><AcctSvcrRef>220822CH093KWXIF</AcctSvcrRef><InstrId>9901734E63024629</InstrId><EndToEndId>CONCA00000004705</EndToEndId><Prtry><Tp>00</Tp><Ref>220822CH093KWXIF</Ref></Prtry></Refs><Amt Ccy="CHF">80.24</Amt><CdtDbtInd>CRDT</CdtDbtInd><BkTxCd><Domn><Cd>PMNT</Cd><Fmly><Cd>RCDT</Cd><SubFmlyCd>ATXN</SubFmlyCd></Fmly></Domn></BkTxCd><RltdPties><Dbtr><Nm>CONCARDIS GMBH</Nm><PstlAdr><AdrLine>HELFMANN PARK 7 DE 65760 ESCHBORN</AdrLine></PstlAdr></Dbtr><DbtrAcct><Id><IBAN>CH830023023065770601M</IBAN></Id></DbtrAcct><CdtrAcct><Id><IBAN>CH9209000000414939852</IBAN></Id></CdtrAcct></RltdPties><RltdAgts><DbtrAgt><FinInstnId><ClrSysMmbId><MmbId>230</MmbId></ClrSysMmbId><Nm>UBS Switzerland AG</Nm><PstlAdr><AdrLine>Bahnhofstrasse 45</AdrLine><AdrLine>8098 Zürich</AdrLine></PstlAdr></FinInstnId></DbtrAgt></RltdAgts><RmtInf><Ustrd>MC:DAT10.08.22:ZAHL-NR000020:BRUTTO</Ustrd><Ustrd>81,42:KOM1,18:VP156589312:FIL:TRX2</Ustrd><Strd><AddtlRmtInf>?REJECT?0</AddtlRmtInf><AddtlRmtInf>?ERROR?000</AddtlRmtInf></Strd></RmtInf><RltdDts><AccptncDtTm>2022-08-22T20:00:00</AccptncDtTm></RltdDts></TxDtls></NtryDtls><AddtlNtryInf>GUTSCHRIFT AUFTRAGGEBER: CONCARDIS GMBH HELFMANN PARK 7 DE 65760 ESCHBORN MITTEILUNGEN: MC:DAT10.08.22:ZAHL-NR000020:BRUTTO 81,42:KOM1,18:VP156589312:FIL:TRX2 SPESENBETRAG 0.00 CHF SHA REFERENZEN: CONCA00000004705 9901734E63024629 220822CH093KWXIF</AddtlNtryInf></Ntry><Ntry><NtryRef>CH9209000000414939852</NtryRef><Amt Ccy="CHF">90.25</Amt><CdtDbtInd>CRDT</CdtDbtInd><RvslInd>false</RvslInd><Sts>BOOK</Sts><BookgDt><Dt>2022-08-22</Dt></BookgDt><ValDt><Dt>2022-08-22</Dt></ValDt><AcctSvcrRef>2342201093KWY2GK</AcctSvcrRef><BkTxCd><Domn><Cd>PMNT</Cd><Fmly><Cd>RCDT</Cd><SubFmlyCd>ATXN</SubFmlyCd></Fmly></Domn></BkTxCd><NtryDtls><Btch><NbOfTxs>1</NbOfTxs></Btch><TxDtls><Refs><AcctSvcrRef>220822CH093KWY2G</AcctSvcrRef><InstrId>9901734E63024633</InstrId><EndToEndId>CONCA00000004709</EndToEndId><Prtry><Tp>00</Tp><Ref>220822CH093KWY2G</Ref></Prtry></Refs><Amt Ccy="CHF">90.25</Amt><CdtDbtInd>CRDT</CdtDbtInd><BkTxCd><Domn><Cd>PMNT</Cd><Fmly><Cd>RCDT</Cd><SubFmlyCd>ATXN</SubFmlyCd></Fmly></Domn></BkTxCd><RltdPties><Dbtr><Nm>CONCARDIS GMBH</Nm><PstlAdr><AdrLine>HELFMANN PARK 7 DE 65760 ESCHBORN</AdrLine></PstlAdr></Dbtr><DbtrAcct><Id><IBAN>CH830023023065770601M</IBAN></Id></DbtrAcct><CdtrAcct><Id><IBAN>CH9209000000414939852</IBAN></Id></CdtrAcct></RltdPties><RltdAgts><DbtrAgt><FinInstnId><ClrSysMmbId><MmbId>230</MmbId></ClrSysMmbId><Nm>UBS Switzerland AG</Nm><PstlAdr><AdrLine>Bahnhofstrasse 45</AdrLine><AdrLine>8098 Zürich</AdrLine></PstlAdr></FinInstnId></DbtrAgt></RltdAgts><RmtInf><Ustrd>VI:DAT10.08.22:ZAHL-NR000017:BRUTTO</Ustrd><Ustrd>91,50:KOM1,25:VP146589364:FIL:TRX1</Ustrd><Strd><AddtlRmtInf>?REJECT?0</AddtlRmtInf><AddtlRmtInf>?ERROR?000</AddtlRmtInf></Strd></RmtInf><RltdDts><AccptncDtTm>2022-08-22T20:00:00</AccptncDtTm></RltdDts></TxDtls></NtryDtls><AddtlNtryInf>GUTSCHRIFT AUFTRAGGEBER: CONCARDIS GMBH HELFMANN PARK 7 DE 65760 ESCHBORN MITTEILUNGEN: VI:DAT10.08.22:ZAHL-NR000017:BRUTTO 91,50:KOM1,25:VP146589364:FIL:TRX1 SPESENBETRAG 0.00 CHF SHA REFERENZEN: CONCA00000004709 9901734E63024633 220822CH093KWY2G</AddtlNtryInf></Ntry><Ntry><NtryRef>CH9209000000414939852</NtryRef><Amt Ccy="CHF">51.02</Amt><CdtDbtInd>CRDT</CdtDbtInd><RvslInd>false</RvslInd><Sts>BOOK</Sts><BookgDt><Dt>2022-08-22</Dt></BookgDt><ValDt><Dt>2022-08-22</Dt></ValDt><AcctSvcrRef>2342201093KWY7IK</AcctSvcrRef><BkTxCd><Domn><Cd>PMNT</Cd><Fmly><Cd>RCDT</Cd><SubFmlyCd>ATXN</SubFmlyCd></Fmly></Domn></BkTxCd><NtryDtls><Btch><NbOfTxs>1</NbOfTxs></Btch><TxDtls><Refs><AcctSvcrRef>220822CH093KWY7I</AcctSvcrRef><InstrId>9901734E63024635</InstrId><EndToEndId>CONCA00000004711</EndToEndId><Prtry><Tp>00</Tp><Ref>220822CH093KWY7I</Ref></Prtry></Refs><Amt Ccy="CHF">51.02</Amt><CdtDbtInd>CRDT</CdtDbtInd><BkTxCd><Domn><Cd>PMNT</Cd><Fmly><Cd>RCDT</Cd><SubFmlyCd>ATXN</SubFmlyCd></Fmly></Domn></BkTxCd><RltdPties><Dbtr><Nm>CONCARDIS GMBH</Nm><PstlAdr><AdrLine>HELFMANN PARK 7 DE 65760 ESCHBORN</AdrLine></PstlAdr></Dbtr><DbtrAcct><Id><IBAN>CH830023023065770601M</IBAN></Id></DbtrAcct><CdtrAcct><Id><IBAN>CH9209000000414939852</IBAN></Id></CdtrAcct></RltdPties><RltdAgts><DbtrAgt><FinInstnId><ClrSysMmbId><MmbId>230</MmbId></ClrSysMmbId><Nm>UBS Switzerland AG</Nm><PstlAdr><AdrLine>Bahnhofstrasse 45</AdrLine><AdrLine>8098 Zürich</AdrLine></PstlAdr></FinInstnId></DbtrAgt></RltdAgts><RmtInf><Ustrd>MC:DAT10.08.22:ZAHL-NR000006:BRUTTO</Ustrd><Ustrd>51,77:KOM0,75:VP156589495:FIL:TRX2</Ustrd><Strd><AddtlRmtInf>?REJECT?0</AddtlRmtInf><AddtlRmtInf>?ERROR?000</AddtlRmtInf></Strd></RmtInf><RltdDts><AccptncDtTm>2022-08-22T20:00:00</AccptncDtTm></RltdDts></TxDtls></NtryDtls><AddtlNtryInf>GUTSCHRIFT AUFTRAGGEBER: CONCARDIS GMBH HELFMANN PARK 7 DE 65760 ESCHBORN MITTEILUNGEN: MC:DAT10.08.22:ZAHL-NR000006:BRUTTO 51,77:KOM0,75:VP156589495:FIL:TRX2 SPESENBETRAG 0.00 CHF SHA REFERENZEN: CONCA00000004711 9901734E63024635 220822CH093KWY7I</AddtlNtryInf></Ntry><Ntry><NtryRef>CH9530000002414939852</NtryRef><Amt Ccy="CHF">282.80</Amt><CdtDbtInd>CRDT</CdtDbtInd><RvslInd>false</RvslInd><Sts>BOOK</Sts><BookgDt><Dt>2022-08-22</Dt></BookgDt><ValDt><Dt>2022-08-22</Dt></ValDt><AcctSvcrRef>2342200093NM2SHU</AcctSvcrRef><BkTxCd><Domn><Cd>PMNT</Cd><Fmly><Cd>RCDT</Cd><SubFmlyCd>VCOM</SubFmlyCd></Fmly></Domn></BkTxCd><NtryDtls><TxDtls><Refs><AcctSvcrRef>2342200093NM2SHU</AcctSvcrRef></Refs><Amt Ccy="CHF">282.80</Amt><CdtDbtInd>CRDT</CdtDbtInd></TxDtls></NtryDtls><AddtlNtryInf>SAMMELGUTSCHRIFT FÜR KONTO: CH9530000002414939852 VERARBEITUNG VOM 22.08.2022 PAKET ID: 220822CH00000BDE</AddtlNtryInf></Ntry><Ntry><NtryRef>CH4330000001414939852</NtryRef><Amt Ccy="CHF">7432.30</Amt><CdtDbtInd>CRDT</CdtDbtInd><RvslInd>false</RvslInd><Sts>BOOK</Sts><BookgDt><Dt>2022-08-22</Dt></BookgDt><ValDt><Dt>2022-08-22</Dt></ValDt><AcctSvcrRef>2342200093NM750U</AcctSvcrRef><BkTxCd><Domn><Cd>PMNT</Cd><Fmly><Cd>RCDT</Cd><SubFmlyCd>VCOM</SubFmlyCd></Fmly></Domn></BkTxCd><Chrgs><TtlChrgsAndTaxAmt Ccy="CHF">8.35</TtlChrgsAndTaxAmt><Rcrd><Amt Ccy="CHF">8.35</Amt><CdtDbtInd>DBIT</CdtDbtInd><ChrgInclInd>false</ChrgInclInd><Tp><Prtry><Id>2</Id></Prtry></Tp></Rcrd></Chrgs><NtryDtls><TxDtls><Refs><AcctSvcrRef>2342200093NM750U</AcctSvcrRef></Refs><Amt Ccy="CHF">7432.30</Amt><CdtDbtInd>CRDT</CdtDbtInd></TxDtls></NtryDtls><AddtlNtryInf>SAMMELGUTSCHRIFT FÜR KONTO: CH4330000001414939852 VERARBEITUNG VOM 22.08.2022 PAKET ID: 220822CH0000075P</AddtlNtryInf></Ntry><Ntry><Amt Ccy="CHF">119.70</Amt><CdtDbtInd>CRDT</CdtDbtInd><RvslInd>false</RvslInd><Sts>BOOK</Sts><BookgDt><Dt>2022-08-22</Dt></BookgDt><ValDt><Dt>2022-08-22</Dt></ValDt><AcctSvcrRef>2342400184886461</AcctSvcrRef><BkTxCd><Domn><Cd>PMNT</Cd><Fmly><Cd>MCRD</Cd><SubFmlyCd>POSP</SubFmlyCd></Fmly></Domn></BkTxCd><NtryDtls><TxDtls><Refs><AcctSvcrRef>2342400184886461</AcctSvcrRef></Refs><Amt Ccy="CHF">119.70</Amt><CdtDbtInd>CRDT</CdtDbtInd></TxDtls></NtryDtls><AddtlNtryInf>GUTSCHRIFT E-PAYMENT-TRANSAKTIONEN POSTFINANCE CARD EINLIEFERUNG VOM 21.08.2022 EVERSMART PRODUCTS HANDELS GMBH PFAQ08S90000001 HTTPS://WOMANCARE-CUP.CH</AddtlNtryInf></Ntry></Stmt></BkToCstmrStmt></Document>
