<?xml version="1.0" encoding="UTF-8"?>
<Document xmlns="urn:iso:std:iso:20022:tech:xsd:camt.053.001.04" xmlns:xsi="http://www.w3.org/2001/XMLSchema-instance" xsi:schemaLocation="urn:iso:std:iso:20022:tech:xsd:camt.053.001.04 camt.053.001.04.xsd"><BkToCstmrStmt><GrpHdr><MsgId>20220721375204886402531</MsgId><CreDtTm>2022-07-22T01:35:04</CreDtTm><MsgPgntn><PgNb>1</PgNb><LastPgInd>true</LastPgInd></MsgPgntn><AddtlInf>SPS/1.7/PROD</AddtlInf></GrpHdr><Stmt><Id>20220721375204886402580</Id><ElctrncSeqNb>141</ElctrncSeqNb><CreDtTm>2022-07-22T01:35:04</CreDtTm><FrToDt><FrDtTm>2022-07-21T00:00:00</FrDtTm><ToDtTm>2022-07-21T23:59:59</ToDtTm></FrToDt><Acct><Id><IBAN>CH9209000000414939852</IBAN></Id><Ownr><Nm>eversmart products Handels GmbH Pfäffikon SZ</Nm></Ownr></Acct><Bal><Tp><CdOrPrtry><Cd>OPBD</Cd></CdOrPrtry></Tp><Amt Ccy="CHF">98187.84</Amt><CdtDbtInd>CRDT</CdtDbtInd><Dt><Dt>2022-07-21</Dt></Dt></Bal><Bal><Tp><CdOrPrtry><Cd>CLBD</Cd></CdOrPrtry></Tp><Amt Ccy="CHF">100766.44</Amt><CdtDbtInd>CRDT</CdtDbtInd><Dt><Dt>2022-07-21</Dt></Dt></Bal><Bal><Tp><CdOrPrtry><Cd>CLAV</Cd></CdOrPrtry></Tp><Amt Ccy="CHF">100766.44</Amt><CdtDbtInd>CRDT</CdtDbtInd><Dt><Dt>2022-07-21</Dt></Dt></Bal><Ntry><Amt Ccy="CHF">8000.00</Amt><CdtDbtInd>DBIT</CdtDbtInd><RvslInd>false</RvslInd><Sts>BOOK</Sts><BookgDt><Dt>2022-07-21</Dt></BookgDt><ValDt><Dt>2022-07-21</Dt></ValDt><AcctSvcrRef>202220008YZ10VLK</AcctSvcrRef><BkTxCd><Domn><Cd>PMNT</Cd><Fmly><Cd>ICDT</Cd><SubFmlyCd>XBCT</SubFmlyCd></Fmly></Domn></BkTxCd><NtryDtls><TxDtls><Refs><AcctSvcrRef>25-625419161-1</AcctSvcrRef><PmtInfId>25:625419161</PmtInfId><InstrId>20220720000800346061054</InstrId></Refs><Amt Ccy="CHF">8000.00</Amt><CdtDbtInd>DBIT</CdtDbtInd><BkTxCd><Domn><Cd>PMNT</Cd><Fmly><Cd>ICDT</Cd><SubFmlyCd>XBCT</SubFmlyCd></Fmly></Domn></BkTxCd><RltdPties><Cdtr><Nm>ZUM WEB MA</Nm><PstlAdr><Ctry>MA</Ctry><AdrLine>Bureau 4 N° 591 Rte de Safi Lot Al 40000 Marrakech</AdrLine></PstlAdr></Cdtr><CdtrAcct><Id><Othr><Id>MA64 0114 5000 0005 2100 0088 7273</Id></Othr></Id></CdtrAcct></RltdPties><RltdAgts><CdtrAgt><FinInstnId><BICFI>BMCEMAMCXXX</BICFI><Nm>BANK OF AFRICA</Nm><PstlAdr><Ctry>MA</Ctry><AdrLine>AVENUE HASSAN II, 140 20000 CASABLANCA</AdrLine></PstlAdr></FinInstnId></CdtrAgt></RltdAgts><RmtInf><Ustrd>RE 2207</Ustrd></RmtInf></TxDtls></NtryDtls><AddtlNtryInf>GIRO INTERNATIONAL BANK OF AFRICA AVENUE HASSAN II, 140 20000 CASABLANCA MA64 0114 5000 0005 2100 0088 7273 ZUM WEB MA Bureau 4 N° 591 Rte de Safi Lot Al 40000 Marrakech SENDER REFERENZ: 20220720000800346061054</AddtlNtryInf></Ntry><Ntry><Amt Ccy="CHF">59.90</Amt><CdtDbtInd>CRDT</CdtDbtInd><RvslInd>false</RvslInd><Sts>BOOK</Sts><BookgDt><Dt>2022-07-21</Dt></BookgDt><ValDt><Dt>2022-07-21</Dt></ValDt><AcctSvcrRef>202220108Z1IAWXK</AcctSvcrRef><BkTxCd><Domn><Cd>PMNT</Cd><Fmly><Cd>CNTR</Cd><SubFmlyCd>CDPT</SubFmlyCd></Fmly></Domn></BkTxCd><Chrgs><TtlChrgsAndTaxAmt Ccy="CHF">2.40</TtlChrgsAndTaxAmt><Rcrd><Amt Ccy="CHF">2.40</Amt><CdtDbtInd>DBIT</CdtDbtInd><ChrgInclInd>false</ChrgInclInd><Tp><Prtry><Id>2</Id></Prtry></Tp></Rcrd></Chrgs><NtryDtls><Btch><NbOfTxs>1</NbOfTxs></Btch><TxDtls><Refs><AcctSvcrRef>220721CH08Z1IAWX</AcctSvcrRef><InstrId>20220720900102000100068</InstrId><Prtry><Tp>00</Tp><Ref>20220720900102000100068</Ref></Prtry></Refs><Amt Ccy="CHF">59.90</Amt><CdtDbtInd>CRDT</CdtDbtInd><BkTxCd><Domn><Cd>PMNT</Cd><Fmly><Cd>CNTR</Cd><SubFmlyCd>CDPT</SubFmlyCd></Fmly></Domn></BkTxCd><Chrgs><TtlChrgsAndTaxAmt Ccy="CHF">2.40</TtlChrgsAndTaxAmt><Rcrd><Amt Ccy="CHF">2.40</Amt><CdtDbtInd>DBIT</CdtDbtInd><ChrgInclInd>false</ChrgInclInd><Tp><Prtry><Id>2</Id></Prtry></Tp></Rcrd></Chrgs><RltdPties><CdtrAcct><Id><IBAN>CH9209000000414939852</IBAN></Id></CdtrAcct></RltdPties><RltdAgts><DbtrAgt><FinInstnId><BICFI>POFICHBEXXX</BICFI><Nm>POSTFINANCE AG</Nm><PstlAdr><AdrLine>MINGERSTRASSE , 20</AdrLine><AdrLine>3030 BERN</AdrLine></PstlAdr></FinInstnId></DbtrAgt></RltdAgts><RmtInf><Strd><AddtlRmtInf>?REJECT?0</AddtlRmtInf><AddtlRmtInf>?ERROR?000</AddtlRmtInf></Strd></RmtInf><RltdDts><AccptncDtTm>2022-07-20T20:00:00</AccptncDtTm></RltdDts></TxDtls></NtryDtls><AddtlNtryInf>EINZAHLUNGSSCHEIN/QR-ZAHLTEIL REFERENZEN: 20220720900102000100068</AddtlNtryInf></Ntry><Ntry><Amt Ccy="CHF">1796.00</Amt><CdtDbtInd>CRDT</CdtDbtInd><RvslInd>false</RvslInd><Sts>BOOK</Sts><BookgDt><Dt>2022-07-21</Dt></BookgDt><ValDt><Dt>2022-07-21</Dt></ValDt><AcctSvcrRef>202220108YXOKSEK</AcctSvcrRef><BkTxCd><Domn><Cd>PMNT</Cd><Fmly><Cd>RCDT</Cd><SubFmlyCd>AUTT</SubFmlyCd></Fmly></Domn></BkTxCd><NtryDtls><Btch><NbOfTxs>1</NbOfTxs></Btch><TxDtls><Refs><AcctSvcrRef>220720CH08YXOKSE</AcctSvcrRef><InstrId>20220720000800351822920</InstrId><Prtry><Tp>00</Tp><Ref>220720CH08YXOKSE</Ref></Prtry></Refs><Amt Ccy="CHF">1796.00</Amt><CdtDbtInd>CRDT</CdtDbtInd><BkTxCd><Domn><Cd>PMNT</Cd><Fmly><Cd>RCDT</Cd><SubFmlyCd>AUTT</SubFmlyCd></Fmly></Domn></BkTxCd><RltdPties><Dbtr><Nm>Spescha D. und Spescha A.</Nm><PstlAdr><StrtNm>Rotenbrunnenstrasse</StrtNm><BldgNb>42</BldgNb><PstCd>8405</PstCd><TwnNm>Winterthur</TwnNm><Ctry>CH</Ctry></PstlAdr></Dbtr><DbtrAcct><Id><IBAN>CH0709000000922677988</IBAN></Id></DbtrAcct><CdtrAcct><Id><IBAN>CH9209000000414939852</IBAN></Id></CdtrAcct></RltdPties><RltdAgts><DbtrAgt><FinInstnId><BICFI>POFICHBEXXX</BICFI><Nm>POSTFINANCE AG</Nm><PstlAdr><AdrLine>MINGERSTRASSE , 20</AdrLine><AdrLine>3030 BERN</AdrLine></PstlAdr></FinInstnId></DbtrAgt></RltdAgts><RmtInf><Ustrd>RE-88097</Ustrd><Strd><AddtlRmtInf>?REJECT?0</AddtlRmtInf><AddtlRmtInf>?ERROR?000</AddtlRmtInf></Strd></RmtInf><RltdDts><AccptncDtTm>2022-07-21T20:00:00</AccptncDtTm></RltdDts></TxDtls></NtryDtls><AddtlNtryInf>GUTSCHRIFT CH0709000000922677988 ABSENDER: Spescha D. und Spescha A. Rotenbrunnenstrasse 42 8405 Winterthur MITTEILUNGEN: RE-88097</AddtlNtryInf></Ntry><Ntry><Amt Ccy="CHF">3883.53</Amt><CdtDbtInd>CRDT</CdtDbtInd><RvslInd>false</RvslInd><Sts>BOOK</Sts><BookgDt><Dt>2022-07-21</Dt></BookgDt><ValDt><Dt>2022-07-21</Dt></ValDt><AcctSvcrRef>202220008YW6TCHK</AcctSvcrRef><BkTxCd><Domn><Cd>PMNT</Cd><Fmly><Cd>RCDT</Cd><SubFmlyCd>AUTT</SubFmlyCd></Fmly></Domn></BkTxCd><NtryDtls><Btch><NbOfTxs>1</NbOfTxs></Btch><TxDtls><Refs><MsgId>TWINT20220719-101-Merchant</MsgId><AcctSvcrRef>220720CH08YW6TCH</AcctSvcrRef><PmtInfId>TWINT20220719-101-Merchant-B1</PmtInfId><InstrId>597b5530e0694386909f84250b0a020b</InstrId><EndToEndId>TWINT20220719-101-Merchant-B1</EndToEndId><Prtry><Tp>00</Tp><Ref>220720CH08YW6TCH</Ref></Prtry></Refs><Amt Ccy="CHF">3883.53</Amt><CdtDbtInd>CRDT</CdtDbtInd><BkTxCd><Domn><Cd>PMNT</Cd><Fmly><Cd>RCDT</Cd><SubFmlyCd>AUTT</SubFmlyCd></Fmly></Domn></BkTxCd><RltdPties><Dbtr><Nm>TWINT Acquiring AG</Nm><PstlAdr><StrtNm>Stauffacherstrasse</StrtNm><BldgNb>41</BldgNb><PstCd>8004</PstCd><TwnNm>Zürich</TwnNm><Ctry>CH</Ctry></PstlAdr></Dbtr><DbtrAcct><Id><IBAN>CH6609000000313087410</IBAN></Id></DbtrAcct><CdtrAcct><Id><IBAN>CH9209000000414939852</IBAN></Id></CdtrAcct></RltdPties><RltdAgts><DbtrAgt><FinInstnId><BICFI>POFICHBEXXX</BICFI><Nm>POSTFINANCE AG</Nm><PstlAdr><AdrLine>MINGERSTRASSE , 20</AdrLine><AdrLine>3030 BERN</AdrLine></PstlAdr></FinInstnId></DbtrAgt></RltdAgts><RmtInf><Ustrd>999999 TWINT TWINT Auszahlungen Pay</Ustrd><Ustrd>out 20220720                       </Ustrd><Ustrd>   Gross: 3934.70 Fees: -51.17</Ustrd><Strd><AddtlRmtInf>?REJECT?0</AddtlRmtInf><AddtlRmtInf>?ERROR?000</AddtlRmtInf></Strd></RmtInf><RltdDts><AccptncDtTm>2022-07-21T20:00:00</AccptncDtTm></RltdDts></TxDtls></NtryDtls><AddtlNtryInf>GUTSCHRIFT CH6609000000313087410 ABSENDER: TWINT Acquiring AG Stauffacherstrasse 41 8004 Zürich MITTEILUNGEN: 999999 TWINT TWINT Auszahlungen Pay out 20220720                           Gross: 3934.70 Fees: -51.17 REFERENZEN: TWINT20220719-101-Merchant-B1</AddtlNtryInf></Ntry><Ntry><Amt Ccy="CHF">1654.45</Amt><CdtDbtInd>CRDT</CdtDbtInd><RvslInd>false</RvslInd><Sts>BOOK</Sts><BookgDt><Dt>2022-07-21</Dt></BookgDt><ValDt><Dt>2022-07-21</Dt></ValDt><AcctSvcrRef>202220108Z2VUM4K</AcctSvcrRef><BkTxCd><Domn><Cd>PMNT</Cd><Fmly><Cd>RCDT</Cd><SubFmlyCd>ATXN</SubFmlyCd></Fmly></Domn></BkTxCd><NtryDtls><Btch><NbOfTxs>1</NbOfTxs></Btch><TxDtls><Refs><AcctSvcrRef>220721CH08Z2VUM4</AcctSvcrRef><InstrId>LON03237825718</InstrId><EndToEndId>NOTPROVIDED</EndToEndId><Prtry><Tp>00</Tp><Ref>220721CH08Z2VUM4</Ref></Prtry></Refs><Amt Ccy="CHF">1654.45</Amt><CdtDbtInd>CRDT</CdtDbtInd><BkTxCd><Domn><Cd>PMNT</Cd><Fmly><Cd>RCDT</Cd><SubFmlyCd>ATXN</SubFmlyCd></Fmly></Domn></BkTxCd><RltdPties><Dbtr><Nm>STRIPE PAYMENTS UK LTD</Nm><PstlAdr><AdrLine>9TH FLOOR, 107 CHEAPSIDE GB - LONDO</AdrLine><AdrLine>N EC2V 6DN</AdrLine></PstlAdr></Dbtr><DbtrAcct><Id><IBAN>DK6289000000010375</IBAN></Id></DbtrAcct><CdtrAcct><Id><IBAN>CH9209000000414939852</IBAN></Id></CdtrAcct></RltdPties><RltdAgts><DbtrAgt><FinInstnId><BICFI>CITIGB2LXXX</BICFI><Nm>CITIBANK N.A.</Nm><PstlAdr><AdrLine>CITIBANK CENTRE25 CANADA SQUARE</AdrLine><AdrLine>E14 5LB LONDON</AdrLine></PstlAdr></FinInstnId></DbtrAgt></RltdAgts><RmtInf><Ustrd>STRIPE N9U2L3</Ustrd><Strd><AddtlRmtInf>?REJECT?0</AddtlRmtInf><AddtlRmtInf>?ERROR?000</AddtlRmtInf></Strd></RmtInf><RltdDts><AccptncDtTm>2022-07-21T20:00:00</AccptncDtTm></RltdDts></TxDtls></NtryDtls><AddtlNtryInf>GUTSCHRIFT AUFTRAGGEBER: STRIPE PAYMENTS UK LTD 9TH FLOOR, 107 CHEAPSIDE GB - LONDO N EC2V 6DN MITTEILUNGEN: STRIPE N9U2L3 SPESENBETRAG 0.00 CHF SHA REFERENZEN: NOTPROVIDED LON03237825718 220721CH08Z2VUM4</AddtlNtryInf></Ntry><Ntry><Amt Ccy="CHF">1824.76</Amt><CdtDbtInd>DBIT</CdtDbtInd><RvslInd>false</RvslInd><Sts>BOOK</Sts><BookgDt><Dt>2022-07-21</Dt></BookgDt><ValDt><Dt>2022-07-21</Dt></ValDt><AcctSvcrRef>202220008Z0D9ASK</AcctSvcrRef><BkTxCd><Domn><Cd>PMNT</Cd><Fmly><Cd>ICDT</Cd><SubFmlyCd>ESCT</SubFmlyCd></Fmly></Domn></BkTxCd><NtryDtls><TxDtls><Refs><AcctSvcrRef>25-625761565-1</AcctSvcrRef><PmtInfId>25:625761565</PmtInfId><InstrId>20220721000800355904130</InstrId></Refs><Amt Ccy="CHF">1824.76</Amt><CdtDbtInd>DBIT</CdtDbtInd><AmtDtls><InstdAmt><Amt Ccy="EUR">1819.30</Amt><CcyXchg><SrcCcy>EUR</SrcCcy><XchgRate>1.0042</XchgRate></CcyXchg></InstdAmt></AmtDtls><BkTxCd><Domn><Cd>PMNT</Cd><Fmly><Cd>ICDT</Cd><SubFmlyCd>ESCT</SubFmlyCd></Fmly></Domn></BkTxCd><RltdPties><Cdtr><Nm>ZANE FOODS SUPPLEMENTS IKE</Nm><PstlAdr><StrtNm>Filippoupoleos str</StrtNm><BldgNb>46</BldgNb><PstCd>61100</PstCd><TwnNm>Kilkis</TwnNm><Ctry>GR</Ctry></PstlAdr></Cdtr><CdtrAcct><Id><IBAN>GR4201408800880002002015788</IBAN></Id></CdtrAcct></RltdPties><RltdAgts><CdtrAgt><FinInstnId><BICFI>CRBAGRAAXXX</BICFI><Nm>ALPHA BANK SA</Nm><PstlAdr><Ctry>GR</Ctry><AdrLine>STADIOU STR, 40</AdrLine><AdrLine>102 52 ATHENS</AdrLine></PstlAdr></FinInstnId></CdtrAgt></RltdAgts><RmtInf><Ustrd>1025 / 20/7/22</Ustrd><Strd><AddtlRmtInf>Zane Helllas, Fungu + Gels</AddtlRmtInf></Strd></RmtInf></TxDtls></NtryDtls><AddtlNtryInf>GIRO INTERNATIONAL (SEPA) EUR 1'819.30 ZUM KURS VON 1.003 ALPHA BANK SA STADIOU STR, 40 102 52 ATHENS GR4201408800880002002015788 ZANE FOODS SUPPLEMENTS IKE Filippoupoleos str 46 61100 Kilkis SENDER REFERENZ: Zane Helllas, Fungu + Gels 20220721000800355904130</AddtlNtryInf></Ntry><Ntry><NtryRef>CH4330000001414939852</NtryRef><Amt Ccy="CHF">5239.98</Amt><CdtDbtInd>CRDT</CdtDbtInd><RvslInd>false</RvslInd><Sts>BOOK</Sts><BookgDt><Dt>2022-07-21</Dt></BookgDt><ValDt><Dt>2022-07-21</Dt></ValDt><AcctSvcrRef>202220008Z6K3LQU</AcctSvcrRef><BkTxCd><Domn><Cd>PMNT</Cd><Fmly><Cd>RCDT</Cd><SubFmlyCd>VCOM</SubFmlyCd></Fmly></Domn></BkTxCd><Chrgs><TtlChrgsAndTaxAmt Ccy="CHF">8.35</TtlChrgsAndTaxAmt><Rcrd><Amt Ccy="CHF">8.35</Amt><CdtDbtInd>DBIT</CdtDbtInd><ChrgInclInd>false</ChrgInclInd><Tp><Prtry><Id>2</Id></Prtry></Tp></Rcrd></Chrgs><NtryDtls><TxDtls><Refs><AcctSvcrRef>202220008Z6K3LQU</AcctSvcrRef></Refs><Amt Ccy="CHF">5239.98</Amt><CdtDbtInd>CRDT</CdtDbtInd></TxDtls></NtryDtls><AddtlNtryInf>SAMMELGUTSCHRIFT FÜR KONTO: CH4330000001414939852 VERARBEITUNG VOM 21.07.2022 PAKET ID: 220721CH0000069V</AddtlNtryInf></Ntry><Ntry><Amt Ccy="CHF">273.60</Amt><CdtDbtInd>DBIT</CdtDbtInd><RvslInd>false</RvslInd><Sts>BOOK</Sts><BookgDt><Dt>2022-07-21</Dt></BookgDt><ValDt><Dt>2022-07-21</Dt></ValDt><AcctSvcrRef>2022400136447328</AcctSvcrRef><BkTxCd><Domn><Cd>PMNT</Cd><Fmly><Cd>CCRD</Cd><SubFmlyCd>CHRG</SubFmlyCd></Fmly></Domn></BkTxCd><NtryDtls><TxDtls><Refs><AcctSvcrRef>2022400136447328</AcctSvcrRef></Refs><Amt Ccy="CHF">273.60</Amt><CdtDbtInd>DBIT</CdtDbtInd></TxDtls></NtryDtls><AddtlNtryInf>POSTFINANCE CHECKOUT RECHNUNG 19663 (INKL. MWST 7.70%) CHE-116.302.542 MWST RECHNUNGSNUMMER: 49773 Juni 2022</AddtlNtryInf></Ntry><Ntry><Amt Ccy="CHF">43.10</Amt><CdtDbtInd>CRDT</CdtDbtInd><RvslInd>false</RvslInd><Sts>BOOK</Sts><BookgDt><Dt>2022-07-21</Dt></BookgDt><ValDt><Dt>2022-07-21</Dt></ValDt><AcctSvcrRef>2022400136458348</AcctSvcrRef><BkTxCd><Domn><Cd>PMNT</Cd><Fmly><Cd>MCRD</Cd><SubFmlyCd>POSP</SubFmlyCd></Fmly></Domn></BkTxCd><NtryDtls><TxDtls><Refs><AcctSvcrRef>2022400136458348</AcctSvcrRef></Refs><Amt Ccy="CHF">43.10</Amt><CdtDbtInd>CRDT</CdtDbtInd></TxDtls></NtryDtls><AddtlNtryInf>GUTSCHRIFT E-PAYMENT-TRANSAKTIONEN POSTFINANCE CARD EINLIEFERUNG VOM 20.07.2022 Eversmart Products Handels GmbH PFAQ08RZ0000001 www.happysmell.ch</AddtlNtryInf></Ntry></Stmt></BkToCstmrStmt></Document>
