<?xml version="1.0" encoding="UTF-8"?>
<Document xmlns="urn:iso:std:iso:20022:tech:xsd:camt.054.001.04" xmlns:xsi="http://www.w3.org/2001/XMLSchema-instance" xsi:schemaLocation="urn:iso:std:iso:20022:tech:xsd:camt.054.001.04 camt.054.001.04.xsd"><BkToCstmrDbtCdtNtfctn><GrpHdr><MsgId>20221114375204974809156</MsgId><CreDtTm>2022-11-14T23:39:44</CreDtTm><MsgPgntn><PgNb>1</PgNb><LastPgInd>true</LastPgInd></MsgPgntn><AddtlInf>SPS/1.7/PROD</AddtlInf></GrpHdr><Ntfctn><Id>20221114375204974809161</Id><CreDtTm>2022-11-14T23:39:44</CreDtTm><FrToDt><FrDtTm>2022-11-12T00:00:00</FrDtTm><ToDtTm>2022-11-14T23:59:59</ToDtTm></FrToDt><RptgSrc><Prtry>OTHR</Prtry></RptgSrc><Acct><Id><IBAN>CH9209000000414939852</IBAN></Id><Ownr><Nm>eversmart products Handels GmbH Pfäffikon SZ</Nm></Ownr></Acct><Ntry><NtryRef>CH9530000002414939852</NtryRef><Amt Ccy="CHF">401.10</Amt><CdtDbtInd>CRDT</CdtDbtInd><RvslInd>false</RvslInd><Sts>BOOK</Sts><BookgDt><Dt>2022-11-14</Dt></BookgDt><ValDt><Dt>2022-11-14</Dt></ValDt><AcctSvcrRef>318220009GSME6QU</AcctSvcrRef><BkTxCd><Domn><Cd>PMNT</Cd><Fmly><Cd>RCDT</Cd><SubFmlyCd>VCOM</SubFmlyCd></Fmly></Domn></BkTxCd><NtryDtls><Btch><NbOfTxs>5</NbOfTxs></Btch><TxDtls><Refs><AcctSvcrRef>221114CH09GN6SMZ</AcctSvcrRef><InstrId>F000470647430001</InstrId><EndToEndId>d9416d0a177e44d7a04030209ae11b3c</EndToEndId><Prtry><Tp>00</Tp><Ref>20221114375204664225546</Ref></Prtry></Refs><Amt Ccy="CHF">99.80</Amt><CdtDbtInd>CRDT</CdtDbtInd><BkTxCd><Domn><Cd>PMNT</Cd><Fmly><Cd>RCDT</Cd><SubFmlyCd>ATXN</SubFmlyCd></Fmly></Domn></BkTxCd><RltdPties><Dbtr><Nm>Tabea Meier-Rutishauser</Nm><PstlAdr><AdrLine>Hinterbergstrasse 9</AdrLine><AdrLine>5703 Seon</AdrLine></PstlAdr></Dbtr><DbtrAcct><Id><IBAN>CH2908307000072909307</IBAN></Id></DbtrAcct><CdtrAcct><Id><IBAN>CH9530000002414939852</IBAN></Id></CdtrAcct></RltdPties><RltdAgts><DbtrAgt><FinInstnId><ClrSysMmbId><MmbId>8307</MmbId></ClrSysMmbId><Nm>Hypothekarbank Lenzburg AG</Nm><PstlAdr><AdrLine>Bahnhofstrasse 2</AdrLine><AdrLine>5600 Lenzburg 1</AdrLine></PstlAdr></FinInstnId></DbtrAgt></RltdAgts><RmtInf><Strd><CdtrRefInf><Tp><CdOrPrtry><Prtry>QRR</Prtry></CdOrPrtry></Tp><Ref>000000000000000000000007139</Ref></CdtrRefInf><AddtlRmtInf>?REJECT?0</AddtlRmtInf><AddtlRmtInf>?ERROR?000</AddtlRmtInf></Strd></RmtInf><RltdDts><AccptncDtTm>2022-11-14T20:00:00</AccptncDtTm></RltdDts></TxDtls><TxDtls><Refs><AcctSvcrRef>221114CH09GNA8PS</AcctSvcrRef><InstrId>21112428601.0002</InstrId><EndToEndId>NOTPROVIDED</EndToEndId><Prtry><Tp>00</Tp><Ref>20221114375204664313859</Ref></Prtry></Refs><Amt Ccy="CHF">59.90</Amt><CdtDbtInd>CRDT</CdtDbtInd><BkTxCd><Domn><Cd>PMNT</Cd><Fmly><Cd>RCDT</Cd><SubFmlyCd>ATXN</SubFmlyCd></Fmly></Domn></BkTxCd><RltdPties><Dbtr><Nm>Meier Sarah</Nm><PstlAdr><StrtNm>Im Eichacher</StrtNm><BldgNb>1</BldgNb><PstCd>8114</PstCd><TwnNm>Daenikon ZH</TwnNm><Ctry>CH</Ctry></PstlAdr></Dbtr><DbtrAcct><Id><IBAN>CH1708389026731357126</IBAN></Id></DbtrAcct><CdtrAcct><Id><IBAN>CH9530000002414939852</IBAN></Id></CdtrAcct></RltdPties><RltdAgts><DbtrAgt><FinInstnId><ClrSysMmbId><MmbId>8389</MmbId></ClrSysMmbId><Nm>Bezirks-Sparkasse Dielsdorf Genossenschaft</Nm><PstlAdr><AdrLine>Bahnhofstrasse 29</AdrLine><AdrLine>8157 Dielsdorf</AdrLine></PstlAdr></FinInstnId></DbtrAgt></RltdAgts><RmtInf><Strd><CdtrRefInf><Tp><CdOrPrtry><Prtry>QRR</Prtry></CdOrPrtry></Tp><Ref>000000000000000000000006814</Ref></CdtrRefInf><AddtlRmtInf>?REJECT?0</AddtlRmtInf><AddtlRmtInf>?ERROR?000</AddtlRmtInf><AddtlRmtInf>7015</AddtlRmtInf></Strd></RmtInf><RltdDts><AccptncDtTm>2022-11-14T20:00:00</AccptncDtTm></RltdDts></TxDtls><TxDtls><Refs><AcctSvcrRef>221114CH09GNCP5B</AcctSvcrRef><InstrId>DNUL221112C13859</InstrId><EndToEndId>SP-13883344-0</EndToEndId><Prtry><Tp>00</Tp><Ref>20221114375204664440158</Ref></Prtry></Refs><Amt Ccy="CHF">99.90</Amt><CdtDbtInd>CRDT</CdtDbtInd><BkTxCd><Domn><Cd>PMNT</Cd><Fmly><Cd>RCDT</Cd><SubFmlyCd>ATXN</SubFmlyCd></Fmly></Domn></BkTxCd><RltdPties><Dbtr><Nm>Frau Dijana Spasojevic und Herr Stevan Spasojevic</Nm><PstlAdr><StrtNm>Udelbodenrain</StrtNm><BldgNb>3</BldgNb><PstCd>6014</PstCd><TwnNm>Luzern</TwnNm><Ctry>CH</Ctry></PstlAdr></Dbtr><DbtrAcct><Id><IBAN>CH7304835158558880000</IBAN></Id></DbtrAcct><UltmtDbtr><Nm>Stevan Spasojevic</Nm><PstlAdr><AdrLine>Udelbodenrain 3</AdrLine><AdrLine>6014 Luzern</AdrLine></PstlAdr></UltmtDbtr><CdtrAcct><Id><IBAN>CH9530000002414939852</IBAN></Id></CdtrAcct></RltdPties><RltdAgts><DbtrAgt><FinInstnId><ClrSysMmbId><MmbId>4835</MmbId></ClrSysMmbId><Nm>Credit Suisse (Schweiz) AG</Nm><PstlAdr><AdrLine>Paradeplatz 8</AdrLine><AdrLine>8070 Zürich</AdrLine></PstlAdr></FinInstnId></DbtrAgt></RltdAgts><RmtInf><Strd><CdtrRefInf><Tp><CdOrPrtry><Prtry>QRR</Prtry></CdOrPrtry></Tp><Ref>000000000000000000000006619</Ref></CdtrRefInf><AddtlRmtInf>?REJECT?0</AddtlRmtInf><AddtlRmtInf>?ERROR?000</AddtlRmtInf><AddtlRmtInf>6986</AddtlRmtInf></Strd></RmtInf><RltdDts><AccptncDtTm>2022-11-14T20:00:00</AccptncDtTm></RltdDts></TxDtls><TxDtls><Refs><AcctSvcrRef>221114CH09GNEXCK</AcctSvcrRef><InstrId>17046596876/4XXX</InstrId><EndToEndId>NOTPROVIDED</EndToEndId><Prtry><Tp>00</Tp><Ref>20221114375204664510909</Ref></Prtry></Refs><Amt Ccy="CHF">41.70</Amt><CdtDbtInd>CRDT</CdtDbtInd><BkTxCd><Domn><Cd>PMNT</Cd><Fmly><Cd>RCDT</Cd><SubFmlyCd>ATXN</SubFmlyCd></Fmly></Domn></BkTxCd><RltdPties><Dbtr><Nm>Dominic Marc Schlaepfer</Nm><PstlAdr><AdrLine>Toesstalstrasse 133</AdrLine><AdrLine>8493 Saland</AdrLine></PstlAdr></Dbtr><DbtrAcct><Id><IBAN>CH2380808009705169693</IBAN></Id></DbtrAcct><UltmtDbtr><Nm>Dominic Schlapfer</Nm><PstlAdr><AdrLine>Tosstalstrasse 133</AdrLine><AdrLine>8493 Saland</AdrLine></PstlAdr></UltmtDbtr><CdtrAcct><Id><IBAN>CH9530000002414939852</IBAN></Id></CdtrAcct></RltdPties><RltdAgts><DbtrAgt><FinInstnId><ClrSysMmbId><MmbId>81471</MmbId></ClrSysMmbId><Nm>Raiffeisenbank Zürcher Oberland</Nm><PstlAdr><AdrLine>Bahnhofstrasse 2</AdrLine><AdrLine>8610 Uster</AdrLine></PstlAdr></FinInstnId></DbtrAgt></RltdAgts><RmtInf><Strd><CdtrRefInf><Tp><CdOrPrtry><Prtry>QRR</Prtry></CdOrPrtry></Tp><Ref>000000000000000000000006560</Ref></CdtrRefInf><AddtlRmtInf>?REJECT?0</AddtlRmtInf><AddtlRmtInf>?ERROR?000</AddtlRmtInf><AddtlRmtInf>3630</AddtlRmtInf></Strd></RmtInf><RltdDts><AccptncDtTm>2022-11-14T20:00:00</AccptncDtTm></RltdDts></TxDtls><TxDtls><Refs><AcctSvcrRef>221114CH09GOAFRA</AcctSvcrRef><InstrId>7220318TO4934157</InstrId><EndToEndId>NOTPROVIDED</EndToEndId><Prtry><Tp>00</Tp><Ref>20221114375204665307395</Ref></Prtry></Refs><Amt Ccy="CHF">99.80</Amt><CdtDbtInd>CRDT</CdtDbtInd><BkTxCd><Domn><Cd>PMNT</Cd><Fmly><Cd>RCDT</Cd><SubFmlyCd>ATXN</SubFmlyCd></Fmly></Domn></BkTxCd><RltdPties><Dbtr><Nm>FRANZISCA BAERTSCHI</Nm><PstlAdr><AdrLine>DORFSTRASSE 1A CH 5512 WOHLENSCHWIL</AdrLine></PstlAdr></Dbtr><DbtrAcct><Id><IBAN>CH8000232232412934910</IBAN></Id></DbtrAcct><UltmtDbtr><Nm>FRANZISCA BAERTSCHI</Nm><PstlAdr><AdrLine>DORFSTRASSE 1A</AdrLine><AdrLine>5512 WOHLENSCHWIL</AdrLine></PstlAdr></UltmtDbtr><CdtrAcct><Id><IBAN>CH9530000002414939852</IBAN></Id></CdtrAcct></RltdPties><RltdAgts><DbtrAgt><FinInstnId><ClrSysMmbId><MmbId>232</MmbId></ClrSysMmbId><Nm>UBS Switzerland AG</Nm><PstlAdr><AdrLine>Badstrasse 12</AdrLine><AdrLine>5401 Baden</AdrLine></PstlAdr></FinInstnId></DbtrAgt></RltdAgts><RmtInf><Strd><CdtrRefInf><Tp><CdOrPrtry><Prtry>QRR</Prtry></CdOrPrtry></Tp><Ref>000000000000000000000006909</Ref></CdtrRefInf><AddtlRmtInf>?REJECT?0</AddtlRmtInf><AddtlRmtInf>?ERROR?000</AddtlRmtInf><AddtlRmtInf>7023</AddtlRmtInf></Strd></RmtInf><RltdDts><AccptncDtTm>2022-11-14T20:00:00</AccptncDtTm></RltdDts></TxDtls></NtryDtls><AddtlNtryInf>SAMMELGUTSCHRIFT FÜR KONTO: CH9530000002414939852 VERARBEITUNG VOM 14.11.2022 PAKET ID: 221114CH00000D9S</AddtlNtryInf></Ntry></Ntfctn></BkToCstmrDbtCdtNtfctn></Document>
