<?xml version="1.0" encoding="UTF-8"?>
<Document xmlns="urn:iso:std:iso:20022:tech:xsd:camt.053.001.04" xmlns:xsi="http://www.w3.org/2001/XMLSchema-instance" xsi:schemaLocation="urn:iso:std:iso:20022:tech:xsd:camt.053.001.04 camt.053.001.04.xsd"><BkToCstmrStmt><GrpHdr><MsgId>20221004375204945025446</MsgId><CreDtTm>2022-10-05T01:43:06</CreDtTm><MsgPgntn><PgNb>1</PgNb><LastPgInd>true</LastPgInd></MsgPgntn><AddtlInf>SPS/1.7/PROD</AddtlInf></GrpHdr><Stmt><Id>20221004375204945025458</Id><ElctrncSeqNb>194</ElctrncSeqNb><CreDtTm>2022-10-05T01:43:06</CreDtTm><FrToDt><FrDtTm>2022-10-04T00:00:00</FrDtTm><ToDtTm>2022-10-04T23:59:59</ToDtTm></FrToDt><Acct><Id><IBAN>CH1209000000917587047</IBAN></Id><Ownr><Nm>eversmart products Handels GmbH Pfäffikon SZ</Nm></Ownr></Acct><Bal><Tp><CdOrPrtry><Cd>OPBD</Cd></CdOrPrtry></Tp><Amt Ccy="EUR">5358.34</Amt><CdtDbtInd>CRDT</CdtDbtInd><Dt><Dt>2022-10-04</Dt></Dt></Bal><Bal><Tp><CdOrPrtry><Cd>CLBD</Cd></CdOrPrtry></Tp><Amt Ccy="EUR">5869.84</Amt><CdtDbtInd>CRDT</CdtDbtInd><Dt><Dt>2022-10-04</Dt></Dt></Bal><Bal><Tp><CdOrPrtry><Cd>CLAV</Cd></CdOrPrtry></Tp><Amt Ccy="EUR">5869.84</Amt><CdtDbtInd>CRDT</CdtDbtInd><Dt><Dt>2022-10-04</Dt></Dt></Bal><Ntry><Amt Ccy="EUR">385.50</Amt><CdtDbtInd>DBIT</CdtDbtInd><RvslInd>false</RvslInd><Sts>BOOK</Sts><BookgDt><Dt>2022-10-04</Dt></BookgDt><ValDt><Dt>2022-10-04</Dt></ValDt><AcctSvcrRef>277220009AENBE1K</AcctSvcrRef><BkTxCd><Domn><Cd>PMNT</Cd><Fmly><Cd>ICDT</Cd><SubFmlyCd>ESCT</SubFmlyCd></Fmly></Domn></BkTxCd><NtryDtls><TxDtls><Refs><AcctSvcrRef>25-671523183-1</AcctSvcrRef><PmtInfId>25:671523183</PmtInfId><InstrId>20221003000800608820996</InstrId></Refs><Amt Ccy="EUR">385.50</Amt><CdtDbtInd>DBIT</CdtDbtInd><BkTxCd><Domn><Cd>PMNT</Cd><Fmly><Cd>ICDT</Cd><SubFmlyCd>ESCT</SubFmlyCd></Fmly></Domn></BkTxCd><RltdPties><Cdtr><Nm>Kiefer &amp; Roters Steuerkanzlei</Nm><PstlAdr><StrtNm>Hermann-Staudinger-Str.</StrtNm><BldgNb>6a</BldgNb><PstCd>79761</PstCd><TwnNm>Waldshut-Tiengen</TwnNm><Ctry>DE</Ctry></PstlAdr></Cdtr><CdtrAcct><Id><IBAN>DE71684522900077053080</IBAN></Id></CdtrAcct></RltdPties><RltdAgts><CdtrAgt><FinInstnId><BICFI>SKHRDE6WXXX</BICFI><Nm>SPARKASSE HOCHRHEIN</Nm><PstlAdr><Ctry>DE</Ctry><AdrLine>BISMARCKSTRASSE 7 79761 WALDSHUT-TIENGEN</AdrLine></PstlAdr></FinInstnId></CdtrAgt></RltdAgts><RmtInf><Ustrd>1289 / 12269</Ustrd><Strd><AddtlRmtInf>2021 Umsatzsteuer DE Treuhänder</AddtlRmtInf></Strd></RmtInf></TxDtls></NtryDtls><AddtlNtryInf>GIRO INTERNATIONAL (SEPA) SPARKASSE HOCHRHEIN BISMARCKSTRASSE 7 79761 WALDSHUT-TIENGEN DE71684522900077053080 KIEFER &amp; ROTERS STEUERKANZLEI HERMANN-STAUDINGER-STR. 6A 79761 WALDSHUT-TIENGEN SENDER REFERENZ: 2021 UMSATZSTEUER DE TREUHÄNDER 20221003000800608820996</AddtlNtryInf></Ntry><Ntry><NtryRef>CH1209000000917587047</NtryRef><Amt Ccy="EUR">897.00</Amt><CdtDbtInd>CRDT</CdtDbtInd><RvslInd>false</RvslInd><Sts>BOOK</Sts><BookgDt><Dt>2022-10-04</Dt></BookgDt><ValDt><Dt>2022-10-04</Dt></ValDt><AcctSvcrRef>277220009AMKEL1K</AcctSvcrRef><BkTxCd><Domn><Cd>PMNT</Cd><Fmly><Cd>RCDT</Cd><SubFmlyCd>ATXN</SubFmlyCd></Fmly></Domn></BkTxCd><NtryDtls><Btch><NbOfTxs>1</NbOfTxs></Btch><TxDtls><Refs><AcctSvcrRef>221004CH09AMKEL1</AcctSvcrRef><InstrId>32000220929D67853620000001</InstrId><EndToEndId>NOTPROVIDED</EndToEndId><Prtry><Tp>00</Tp><Ref>221004CH09AMKEL1</Ref></Prtry></Refs><Amt Ccy="EUR">897.00</Amt><CdtDbtInd>CRDT</CdtDbtInd><BkTxCd><Domn><Cd>PMNT</Cd><Fmly><Cd>RCDT</Cd><SubFmlyCd>ATXN</SubFmlyCd></Fmly></Domn></BkTxCd><RltdPties><Dbtr><Nm>Grabner Instruments Mestechnik G es</Nm><PstlAdr><AdrLine>ellschaft m.b.H.</AdrLine><AdrLine>Dr. Otto Neurath-Gasse 1 1220 Wien</AdrLine></PstlAdr></Dbtr><DbtrAcct><Id><IBAN>AT803200000000612556</IBAN></Id></DbtrAcct><CdtrAcct><Id><IBAN>CH1209000000917587047</IBAN></Id></CdtrAcct></RltdPties><RltdAgts><DbtrAgt><FinInstnId><BICFI>RLNWATWW</BICFI><Nm>RAIFFEISENLANDESBANK NIEDEROESTERREICH-WIEN AG</Nm><PstlAdr><AdrLine>FRIEDRICH-WILHELM-RAIFFEISENPLATZ 1</AdrLine><AdrLine>1020 WIEN</AdrLine></PstlAdr></FinInstnId></DbtrAgt></RltdAgts><RmtInf><Ustrd>RE 90106</Ustrd><Strd><AddtlRmtInf>?REJECT?0</AddtlRmtInf><AddtlRmtInf>?ERROR?000</AddtlRmtInf></Strd></RmtInf><RltdDts><AccptncDtTm>2022-10-04T20:00:00</AccptncDtTm></RltdDts></TxDtls></NtryDtls><AddtlNtryInf>GUTSCHRIFT SEPA TRANSAKTION AUFTRAGGEBER: GRABNER INSTRUMENTS MESTECHNIK G ES ELLSCHAFT M.B.H. DR. OTTO NEURATH-GASSE 1 1220 WIEN MITTEILUNGEN: RE 90106 REFERENZEN: NOTPROVIDED 32000220929D67853620000001 221004CH09AMKEL1</AddtlNtryInf></Ntry></Stmt></BkToCstmrStmt></Document>
