<?xml version="1.0" encoding="UTF-8"?>
<Document xmlns="urn:iso:std:iso:20022:tech:xsd:camt.053.001.04" xmlns:xsi="http://www.w3.org/2001/XMLSchema-instance" xsi:schemaLocation="urn:iso:std:iso:20022:tech:xsd:camt.053.001.04 camt.053.001.04.xsd"><BkToCstmrStmt><GrpHdr><MsgId>20221021375204955580340</MsgId><CreDtTm>2022-10-22T01:33:02</CreDtTm><MsgPgntn><PgNb>1</PgNb><LastPgInd>true</LastPgInd></MsgPgntn><AddtlInf>SPS/1.7/PROD</AddtlInf></GrpHdr><Stmt><Id>20221021375204955580352</Id><ElctrncSeqNb>207</ElctrncSeqNb><CreDtTm>2022-10-22T01:33:02</CreDtTm><FrToDt><FrDtTm>2022-10-21T00:00:00</FrDtTm><ToDtTm>2022-10-21T23:59:59</ToDtTm></FrToDt><Acct><Id><IBAN>CH9209000000414939852</IBAN></Id><Ownr><Nm>eversmart products Handels GmbH Pfäffikon SZ</Nm></Ownr></Acct><Bal><Tp><CdOrPrtry><Cd>OPBD</Cd></CdOrPrtry></Tp><Amt Ccy="CHF">46936.81</Amt><CdtDbtInd>CRDT</CdtDbtInd><Dt><Dt>2022-10-21</Dt></Dt></Bal><Bal><Tp><CdOrPrtry><Cd>CLBD</Cd></CdOrPrtry></Tp><Amt Ccy="CHF">63848.14</Amt><CdtDbtInd>CRDT</CdtDbtInd><Dt><Dt>2022-10-21</Dt></Dt></Bal><Bal><Tp><CdOrPrtry><Cd>CLAV</Cd></CdOrPrtry></Tp><Amt Ccy="CHF">63848.14</Amt><CdtDbtInd>CRDT</CdtDbtInd><Dt><Dt>2022-10-21</Dt></Dt></Bal><Bal><Tp><CdOrPrtry><Cd>FWAV</Cd></CdOrPrtry></Tp><Amt Ccy="CHF">64107.74</Amt><CdtDbtInd>CRDT</CdtDbtInd><Dt><Dt>2022-10-24</Dt></Dt></Bal><Ntry><NtryRef>CH9209000000414939852</NtryRef><Amt Ccy="CHF">6151.84</Amt><CdtDbtInd>CRDT</CdtDbtInd><RvslInd>false</RvslInd><Sts>BOOK</Sts><BookgDt><Dt>2022-10-21</Dt></BookgDt><ValDt><Dt>2022-10-21</Dt></ValDt><AcctSvcrRef>294220009CTVC9IK</AcctSvcrRef><BkTxCd><Domn><Cd>PMNT</Cd><Fmly><Cd>RCDT</Cd><SubFmlyCd>AUTT</SubFmlyCd></Fmly></Domn></BkTxCd><NtryDtls><Btch><NbOfTxs>1</NbOfTxs></Btch><TxDtls><Refs><MsgId>TWINT20221019-101-Merchant</MsgId><AcctSvcrRef>221020CH09CTVC9I</AcctSvcrRef><PmtInfId>TWINT20221019-101-Merchant-B1</PmtInfId><InstrId>bde35e8e760d4ba6899aa279e5eb8210</InstrId><EndToEndId>TWINT20221019-101-Merchant-B1</EndToEndId><Prtry><Tp>00</Tp><Ref>221020CH09CTVC9I</Ref></Prtry></Refs><Amt Ccy="CHF">6151.84</Amt><CdtDbtInd>CRDT</CdtDbtInd><BkTxCd><Domn><Cd>PMNT</Cd><Fmly><Cd>RCDT</Cd><SubFmlyCd>AUTT</SubFmlyCd></Fmly></Domn></BkTxCd><RltdPties><Dbtr><Nm>TWINT Acquiring AG</Nm><PstlAdr><StrtNm>Stauffacherstrasse</StrtNm><BldgNb>41</BldgNb><PstCd>8004</PstCd><TwnNm>Zürich</TwnNm><Ctry>CH</Ctry></PstlAdr></Dbtr><DbtrAcct><Id><IBAN>CH6609000000313087410</IBAN></Id></DbtrAcct><CdtrAcct><Id><IBAN>CH9209000000414939852</IBAN></Id></CdtrAcct></RltdPties><RltdAgts><DbtrAgt><FinInstnId><BICFI>POFICHBEXXX</BICFI><Nm>POSTFINANCE AG</Nm><PstlAdr><AdrLine>MINGERSTRASSE 20</AdrLine><AdrLine>3030 BERN</AdrLine></PstlAdr></FinInstnId></DbtrAgt></RltdAgts><RmtInf><Ustrd>999999 TWINT TWINT Auszahlungen Pay</Ustrd><Ustrd>out 20221020                       </Ustrd><Ustrd>   Gross: 6232.90 Fees: -81.06</Ustrd><Strd><AddtlRmtInf>?REJECT?0</AddtlRmtInf><AddtlRmtInf>?ERROR?000</AddtlRmtInf></Strd></RmtInf><RltdDts><AccptncDtTm>2022-10-21T20:00:00</AccptncDtTm></RltdDts></TxDtls></NtryDtls><AddtlNtryInf>GUTSCHRIFT CH6609000000313087410 ABSENDER: TWINT ACQUIRING AG STAUFFACHERSTRASSE 41 8004 ZÜRICH MITTEILUNGEN: 999999 TWINT TWINT AUSZAHLUNGEN PAY OUT 20221020                           GROSS: 6232.90 FEES: -81.06 REFERENZEN: TWINT20221019-101-MERCHANT-B1</AddtlNtryInf></Ntry><Ntry><NtryRef>CH9209000000414939852</NtryRef><Amt Ccy="CHF">178.74</Amt><CdtDbtInd>CRDT</CdtDbtInd><RvslInd>false</RvslInd><Sts>BOOK</Sts><BookgDt><Dt>2022-10-21</Dt></BookgDt><ValDt><Dt>2022-10-21</Dt></ValDt><AcctSvcrRef>294220109D0K1ATK</AcctSvcrRef><BkTxCd><Domn><Cd>PMNT</Cd><Fmly><Cd>RCDT</Cd><SubFmlyCd>ATXN</SubFmlyCd></Fmly></Domn></BkTxCd><NtryDtls><Btch><NbOfTxs>1</NbOfTxs></Btch><TxDtls><Refs><AcctSvcrRef>221021CH09D0K1AT</AcctSvcrRef><InstrId>LON03255953582</InstrId><EndToEndId>NOTPROVIDED</EndToEndId><Prtry><Tp>00</Tp><Ref>221021CH09D0K1AT</Ref></Prtry></Refs><Amt Ccy="CHF">178.74</Amt><CdtDbtInd>CRDT</CdtDbtInd><BkTxCd><Domn><Cd>PMNT</Cd><Fmly><Cd>RCDT</Cd><SubFmlyCd>ATXN</SubFmlyCd></Fmly></Domn></BkTxCd><RltdPties><Dbtr><Nm>STRIPE PAYMENTS UK LTD</Nm><PstlAdr><AdrLine>9TH FLOOR, 107 CHEAPSIDE GB - LONDO</AdrLine><AdrLine>N EC2V 6DN</AdrLine></PstlAdr></Dbtr><DbtrAcct><Id><IBAN>DK6289000000010375</IBAN></Id></DbtrAcct><CdtrAcct><Id><IBAN>CH9209000000414939852</IBAN></Id></CdtrAcct></RltdPties><RltdAgts><DbtrAgt><FinInstnId><BICFI>CITIGB2LXXX</BICFI><Nm>CITIBANK N.A.</Nm><PstlAdr><AdrLine>CITIBANK CENTRE25 CANADA SQUARE</AdrLine><AdrLine>E14 5LB LONDON</AdrLine></PstlAdr></FinInstnId></DbtrAgt></RltdAgts><RmtInf><Ustrd>STRIPE T6P2R4</Ustrd><Strd><AddtlRmtInf>?REJECT?0</AddtlRmtInf><AddtlRmtInf>?ERROR?000</AddtlRmtInf></Strd></RmtInf><RltdDts><AccptncDtTm>2022-10-21T20:00:00</AccptncDtTm></RltdDts></TxDtls></NtryDtls><AddtlNtryInf>GUTSCHRIFT AUFTRAGGEBER: STRIPE PAYMENTS UK LTD 9TH FLOOR, 107 CHEAPSIDE GB - LONDO N EC2V 6DN MITTEILUNGEN: STRIPE T6P2R4 SPESENBETRAG 0.00 CHF SHA REFERENZEN: NOTPROVIDED LON03255953582 221021CH09D0K1AT</AddtlNtryInf></Ntry><Ntry><NtryRef>CH9209000000414939852</NtryRef><Amt Ccy="CHF">1909.30</Amt><CdtDbtInd>CRDT</CdtDbtInd><RvslInd>false</RvslInd><Sts>BOOK</Sts><BookgDt><Dt>2022-10-21</Dt></BookgDt><ValDt><Dt>2022-10-21</Dt></ValDt><AcctSvcrRef>294220109D1RZ0GK</AcctSvcrRef><BkTxCd><Domn><Cd>PMNT</Cd><Fmly><Cd>RCDT</Cd><SubFmlyCd>AUTT</SubFmlyCd></Fmly></Domn></BkTxCd><NtryDtls><Btch><NbOfTxs>1</NbOfTxs></Btch><TxDtls><Refs><MsgId>MSG9B4238B904A14B9889D96883EEF3042D</MsgId><AcctSvcrRef>221021CH09D1RZ0G</AcctSvcrRef><PmtInfId>BLVL-1-22102110543773</PmtInfId><InstrId>CLVL-1-22102110543773-6</InstrId><EndToEndId>ETEc8b74747ab0240418385a41674ab6ecd</EndToEndId><Prtry><Tp>00</Tp><Ref>221021CH09D1RZ0G</Ref></Prtry></Refs><Amt Ccy="CHF">1909.30</Amt><CdtDbtInd>CRDT</CdtDbtInd><BkTxCd><Domn><Cd>PMNT</Cd><Fmly><Cd>RCDT</Cd><SubFmlyCd>AUTT</SubFmlyCd></Fmly></Domn></BkTxCd><RltdPties><Dbtr><Nm>oekoskop AG</Nm><PstlAdr><StrtNm>Dornacherstrasse</StrtNm><BldgNb>192</BldgNb><PstCd>4053</PstCd><TwnNm>Basel</TwnNm><Ctry>CH</Ctry></PstlAdr></Dbtr><DbtrAcct><Id><IBAN>CH0609000000400085850</IBAN></Id></DbtrAcct><CdtrAcct><Id><IBAN>CH9209000000414939852</IBAN></Id></CdtrAcct></RltdPties><RltdAgts><DbtrAgt><FinInstnId><BICFI>POFICHBEXXX</BICFI><Nm>POSTFINANCE AG</Nm><PstlAdr><AdrLine>MINGERSTRASSE 20</AdrLine><AdrLine>3030 BERN</AdrLine></PstlAdr></FinInstnId></DbtrAgt></RltdAgts><RmtInf><Ustrd>RE-92879</Ustrd><Strd><AddtlRmtInf>?REJECT?0</AddtlRmtInf><AddtlRmtInf>?ERROR?000</AddtlRmtInf></Strd></RmtInf><RltdDts><AccptncDtTm>2022-10-21T20:00:00</AccptncDtTm></RltdDts></TxDtls></NtryDtls><AddtlNtryInf>GUTSCHRIFT CH0609000000400085850 ABSENDER: OEKOSKOP AG DORNACHERSTRASSE 192 4053 BASEL MITTEILUNGEN: RE-92879 REFERENZEN: ETEC8B74747AB0240418385A41674AB6ECD</AddtlNtryInf></Ntry><Ntry><NtryRef>CH4330000001414939852</NtryRef><Amt Ccy="CHF">8816.30</Amt><CdtDbtInd>CRDT</CdtDbtInd><RvslInd>false</RvslInd><Sts>BOOK</Sts><BookgDt><Dt>2022-10-21</Dt></BookgDt><ValDt><Dt>2022-10-21</Dt></ValDt><AcctSvcrRef>294220009D40MVBU</AcctSvcrRef><BkTxCd><Domn><Cd>PMNT</Cd><Fmly><Cd>RCDT</Cd><SubFmlyCd>VCOM</SubFmlyCd></Fmly></Domn></BkTxCd><Chrgs><TtlChrgsAndTaxAmt Ccy="CHF">1.20</TtlChrgsAndTaxAmt><Rcrd><Amt Ccy="CHF">1.20</Amt><CdtDbtInd>DBIT</CdtDbtInd><ChrgInclInd>false</ChrgInclInd><Tp><Prtry><Id>2</Id></Prtry></Tp></Rcrd></Chrgs><NtryDtls><TxDtls><Refs><AcctSvcrRef>294220009D40MVBU</AcctSvcrRef></Refs><Amt Ccy="CHF">8816.30</Amt><CdtDbtInd>CRDT</CdtDbtInd></TxDtls></NtryDtls><AddtlNtryInf>SAMMELGUTSCHRIFT FÜR KONTO: CH4330000001414939852 VERARBEITUNG VOM 21.10.2022 PAKET ID: 221021CH000006Z3</AddtlNtryInf></Ntry><Ntry><Amt Ccy="CHF">394.45</Amt><CdtDbtInd>DBIT</CdtDbtInd><RvslInd>false</RvslInd><Sts>BOOK</Sts><BookgDt><Dt>2022-10-21</Dt></BookgDt><ValDt><Dt>2022-10-21</Dt></ValDt><AcctSvcrRef>2942400282503422</AcctSvcrRef><BkTxCd><Domn><Cd>PMNT</Cd><Fmly><Cd>CCRD</Cd><SubFmlyCd>CHRG</SubFmlyCd></Fmly></Domn></BkTxCd><NtryDtls><TxDtls><Refs><AcctSvcrRef>2942400282503422</AcctSvcrRef></Refs><Amt Ccy="CHF">394.45</Amt><CdtDbtInd>DBIT</CdtDbtInd></TxDtls></NtryDtls><AddtlNtryInf>POSTFINANCE CHECKOUT RECHNUNG 19663 (INKL. MWST 7.70%) CHE-116.302.542 MWST RECHNUNGSNUMMER: 59724 SEPTEMBER 2022</AddtlNtryInf></Ntry><Ntry><Amt Ccy="CHF">139.80</Amt><CdtDbtInd>CRDT</CdtDbtInd><RvslInd>false</RvslInd><Sts>BOOK</Sts><BookgDt><Dt>2022-10-21</Dt></BookgDt><ValDt><Dt>2022-10-21</Dt></ValDt><AcctSvcrRef>2942400282512444</AcctSvcrRef><BkTxCd><Domn><Cd>PMNT</Cd><Fmly><Cd>MCRD</Cd><SubFmlyCd>POSP</SubFmlyCd></Fmly></Domn></BkTxCd><NtryDtls><TxDtls><Refs><AcctSvcrRef>2942400282512444</AcctSvcrRef></Refs><Amt Ccy="CHF">139.80</Amt><CdtDbtInd>CRDT</CdtDbtInd></TxDtls></NtryDtls><AddtlNtryInf>GUTSCHRIFT E-PAYMENT-TRANSAKTIONEN POSTFINANCE CARD EINLIEFERUNG VOM 20.10.2022 EVERSMART PRODUCTS HANDELS GMBH PFAQ08UF0000001 WWW.NAGELPILZ-ENTFERNEN.CH</AddtlNtryInf></Ntry><Ntry><Amt Ccy="CHF">59.90</Amt><CdtDbtInd>CRDT</CdtDbtInd><RvslInd>false</RvslInd><Sts>BOOK</Sts><BookgDt><Dt>2022-10-21</Dt></BookgDt><ValDt><Dt>2022-10-21</Dt></ValDt><AcctSvcrRef>2942400282512398</AcctSvcrRef><BkTxCd><Domn><Cd>PMNT</Cd><Fmly><Cd>MCRD</Cd><SubFmlyCd>POSP</SubFmlyCd></Fmly></Domn></BkTxCd><NtryDtls><TxDtls><Refs><AcctSvcrRef>2942400282512398</AcctSvcrRef></Refs><Amt Ccy="CHF">59.90</Amt><CdtDbtInd>CRDT</CdtDbtInd></TxDtls></NtryDtls><AddtlNtryInf>GUTSCHRIFT E-PAYMENT-TRANSAKTIONEN POSTFINANCE CARD EINLIEFERUNG VOM 20.10.2022 EVERSMART PRODUCTS HANDELS GMBH PFAQ08S00000001 WWW.LOEWENHAAR.CH</AddtlNtryInf></Ntry><Ntry><Amt Ccy="CHF">49.90</Amt><CdtDbtInd>CRDT</CdtDbtInd><RvslInd>false</RvslInd><Sts>BOOK</Sts><BookgDt><Dt>2022-10-21</Dt></BookgDt><ValDt><Dt>2022-10-21</Dt></ValDt><AcctSvcrRef>2942400282512419</AcctSvcrRef><BkTxCd><Domn><Cd>PMNT</Cd><Fmly><Cd>MCRD</Cd><SubFmlyCd>POSP</SubFmlyCd></Fmly></Domn></BkTxCd><NtryDtls><TxDtls><Refs><AcctSvcrRef>2942400282512419</AcctSvcrRef></Refs><Amt Ccy="CHF">49.90</Amt><CdtDbtInd>CRDT</CdtDbtInd></TxDtls></NtryDtls><AddtlNtryInf>GUTSCHRIFT E-PAYMENT-TRANSAKTIONEN POSTFINANCE CARD EINLIEFERUNG VOM 20.10.2022 EVERSMART PRODUCTS HANDELS GMBH PFAQ08S80000001 HTTPS://KOPI-LUWAK.CH</AddtlNtryInf></Ntry></Stmt></BkToCstmrStmt></Document>
