<?xml version="1.0" encoding="UTF-8"?>
<Document xmlns="urn:iso:std:iso:20022:tech:xsd:camt.053.001.04" xmlns:xsi="http://www.w3.org/2001/XMLSchema-instance" xsi:schemaLocation="urn:iso:std:iso:20022:tech:xsd:camt.053.001.04 camt.053.001.04.xsd"><BkToCstmrStmt><GrpHdr><MsgId>20221111375204974742310</MsgId><CreDtTm>2022-11-12T01:36:59</CreDtTm><MsgPgntn><PgNb>1</PgNb><LastPgInd>true</LastPgInd></MsgPgntn><AddtlInf>SPS/1.7/PROD</AddtlInf></GrpHdr><Stmt><Id>20221111375204974742348</Id><ElctrncSeqNb>222</ElctrncSeqNb><CreDtTm>2022-11-12T01:36:59</CreDtTm><FrToDt><FrDtTm>2022-11-11T00:00:00</FrDtTm><ToDtTm>2022-11-11T23:59:59</ToDtTm></FrToDt><Acct><Id><IBAN>CH9209000000414939852</IBAN></Id><Ownr><Nm>eversmart products Handels GmbH Pfäffikon SZ</Nm></Ownr></Acct><Bal><Tp><CdOrPrtry><Cd>OPBD</Cd></CdOrPrtry></Tp><Amt Ccy="CHF">32536.01</Amt><CdtDbtInd>CRDT</CdtDbtInd><Dt><Dt>2022-11-11</Dt></Dt></Bal><Bal><Tp><CdOrPrtry><Cd>CLBD</Cd></CdOrPrtry></Tp><Amt Ccy="CHF">27014.79</Amt><CdtDbtInd>CRDT</CdtDbtInd><Dt><Dt>2022-11-11</Dt></Dt></Bal><Bal><Tp><CdOrPrtry><Cd>CLAV</Cd></CdOrPrtry></Tp><Amt Ccy="CHF">27014.79</Amt><CdtDbtInd>CRDT</CdtDbtInd><Dt><Dt>2022-11-11</Dt></Dt></Bal><Ntry><NtryRef>CH9209000000414939852</NtryRef><Amt Ccy="CHF">99.90</Amt><CdtDbtInd>CRDT</CdtDbtInd><RvslInd>false</RvslInd><Sts>BOOK</Sts><BookgDt><Dt>2022-11-11</Dt></BookgDt><ValDt><Dt>2022-11-11</Dt></ValDt><AcctSvcrRef>315220109GF98S5K</AcctSvcrRef><BkTxCd><Domn><Cd>PMNT</Cd><Fmly><Cd>RCDT</Cd><SubFmlyCd>ATXN</SubFmlyCd></Fmly></Domn></BkTxCd><NtryDtls><Btch><NbOfTxs>1</NbOfTxs></Btch><TxDtls><Refs><AcctSvcrRef>221111CH09GF98S5</AcctSvcrRef><InstrId>17040533828/4XXX</InstrId><EndToEndId>NOTPROVIDED</EndToEndId><Prtry><Tp>00</Tp><Ref>221111CH09GF98S5</Ref></Prtry></Refs><Amt Ccy="CHF">99.90</Amt><CdtDbtInd>CRDT</CdtDbtInd><BkTxCd><Domn><Cd>PMNT</Cd><Fmly><Cd>RCDT</Cd><SubFmlyCd>ATXN</SubFmlyCd></Fmly></Domn></BkTxCd><RltdPties><Dbtr><Nm>Cyril Geisser</Nm><PstlAdr><AdrLine>Riederenstrasse 24a</AdrLine><AdrLine>9402 Moerschwil</AdrLine></PstlAdr></Dbtr><DbtrAcct><Id><IBAN>CH5580808002577531711</IBAN></Id></DbtrAcct><CdtrAcct><Id><IBAN>CH9209000000414939852</IBAN></Id></CdtrAcct></RltdPties><RltdAgts><DbtrAgt><FinInstnId><ClrSysMmbId><MmbId>81295</MmbId></ClrSysMmbId><Nm>Raiffeisenbank Unteres Rheintal</Nm><PstlAdr><AdrLine>Berneckerstrasse 3</AdrLine><AdrLine>9434 Au SG</AdrLine></PstlAdr></FinInstnId></DbtrAgt></RltdAgts><RmtInf><Ustrd>RE95 701</Ustrd><Strd><AddtlRmtInf>?REJECT?000</AddtlRmtInf><AddtlRmtInf>?ERROR?000</AddtlRmtInf></Strd></RmtInf><RltdDts><AccptncDtTm>2022-11-11T20:00:00</AccptncDtTm></RltdDts></TxDtls></NtryDtls><AddtlNtryInf>GUTSCHRIFT AUFTRAGGEBER: CYRIL GEISSER RIEDERENSTRASSE 24A 9402 MOERSCHWIL MITTEILUNGEN: RE95 701 REFERENZEN: NOTPROVIDED 17040533828/4XXX 221111CH09GF98S5</AddtlNtryInf></Ntry><Ntry><Amt Ccy="CHF">379.30</Amt><CdtDbtInd>DBIT</CdtDbtInd><RvslInd>false</RvslInd><Sts>BOOK</Sts><BookgDt><Dt>2022-11-11</Dt></BookgDt><ValDt><Dt>2022-11-11</Dt></ValDt><AcctSvcrRef>315220009GBC0UWK</AcctSvcrRef><BkTxCd><Domn><Cd>PMNT</Cd><Fmly><Cd>ICDT</Cd><SubFmlyCd>BOOK</SubFmlyCd></Fmly></Domn></BkTxCd><NtryDtls><TxDtls><Refs><AcctSvcrRef>25-694484673-1</AcctSvcrRef><PmtInfId>25:694484673</PmtInfId><InstrId>20221110000800304026516</InstrId></Refs><Amt Ccy="CHF">379.30</Amt><CdtDbtInd>DBIT</CdtDbtInd><BkTxCd><Domn><Cd>PMNT</Cd><Fmly><Cd>ICDT</Cd><SubFmlyCd>BOOK</SubFmlyCd></Fmly></Domn></BkTxCd><RltdPties><Cdtr><Nm>Lamprecht Transport AG</Nm><PstlAdr><Ctry>CH</Ctry><AdrLine>Basel</AdrLine></PstlAdr></Cdtr><CdtrAcct><Id><IBAN>CH1830000001400180103</IBAN></Id></CdtrAcct></RltdPties><RltdAgts><CdtrAgt><FinInstnId><BICFI>POFICHBEXXX</BICFI><PstlAdr><Ctry>CH</Ctry></PstlAdr></FinInstnId></CdtrAgt></RltdAgts><RmtInf><Strd><CdtrRefInf><Tp><CdOrPrtry><Prtry>QRR</Prtry></CdOrPrtry></Tp><Ref>210507000032493212259106548</Ref></CdtrRefInf><AddtlRmtInf>R E C H N U N G    Nr. 5910654</AddtlRmtInf></Strd></RmtInf></TxDtls></NtryDtls><AddtlNtryInf>LASTSCHRIFT CH1830000001400180103 LAMPRECHT TRANSPORT AG BASEL SENDER REFERENZ: 20221110000800304026516</AddtlNtryInf></Ntry><Ntry><NtryRef>CH9209000000414939852</NtryRef><Amt Ccy="CHF">93.50</Amt><CdtDbtInd>CRDT</CdtDbtInd><RvslInd>false</RvslInd><Sts>BOOK</Sts><BookgDt><Dt>2022-11-11</Dt></BookgDt><ValDt><Dt>2022-11-11</Dt></ValDt><AcctSvcrRef>315220109GFZRX7K</AcctSvcrRef><BkTxCd><Domn><Cd>PMNT</Cd><Fmly><Cd>RCDT</Cd><SubFmlyCd>ATXN</SubFmlyCd></Fmly></Domn></BkTxCd><NtryDtls><Btch><NbOfTxs>1</NbOfTxs></Btch><TxDtls><Refs><AcctSvcrRef>221111CH09GFZRX7</AcctSvcrRef><InstrId>9954314TI1117230</InstrId><EndToEndId>NOTPROVIDED</EndToEndId><Prtry><Tp>00</Tp><Ref>221111CH09GFZRX7</Ref></Prtry></Refs><Amt Ccy="CHF">93.50</Amt><CdtDbtInd>CRDT</CdtDbtInd><BkTxCd><Domn><Cd>PMNT</Cd><Fmly><Cd>RCDT</Cd><SubFmlyCd>ATXN</SubFmlyCd></Fmly></Domn></BkTxCd><RltdPties><Dbtr><Nm>URSULA SCHWENDENER</Nm><PstlAdr><AdrLine>LOCHSTRASSE 13 CH 9404 RORSCHACHERB</AdrLine><AdrLine>ERG</AdrLine></PstlAdr></Dbtr><DbtrAcct><Id><IBAN>CH930025425422119640P</IBAN></Id></DbtrAcct><CdtrAcct><Id><IBAN>CH9209000000414939852</IBAN></Id></CdtrAcct></RltdPties><RltdAgts><DbtrAgt><FinInstnId><ClrSysMmbId><MmbId>254</MmbId></ClrSysMmbId><Nm>UBS Switzerland AG</Nm><PstlAdr><AdrLine>Am Bahnhofplatz</AdrLine><AdrLine>9001 St. Gallen</AdrLine></PstlAdr></FinInstnId></DbtrAgt></RltdAgts><RmtInf><Ustrd>RECHNUNG RE-96043 </Ustrd><Strd><AddtlRmtInf>?REJECT?000</AddtlRmtInf><AddtlRmtInf>?ERROR?000</AddtlRmtInf></Strd></RmtInf><RltdDts><AccptncDtTm>2022-11-11T20:00:00</AccptncDtTm></RltdDts></TxDtls></NtryDtls><AddtlNtryInf>GUTSCHRIFT AUFTRAGGEBER: URSULA SCHWENDENER LOCHSTRASSE 13 CH 9404 RORSCHACHERB ERG MITTEILUNGEN: RECHNUNG RE-96043  SPESENBETRAG 0.00 CHF SHA REFERENZEN: NOTPROVIDED 9954314TI1117230 221111CH09GFZRX7</AddtlNtryInf></Ntry><Ntry><NtryRef>CH9209000000414939852</NtryRef><Amt Ccy="CHF">196.92</Amt><CdtDbtInd>CRDT</CdtDbtInd><RvslInd>false</RvslInd><Sts>BOOK</Sts><BookgDt><Dt>2022-11-11</Dt></BookgDt><ValDt><Dt>2022-11-11</Dt></ValDt><AcctSvcrRef>315220109GFZS8DK</AcctSvcrRef><BkTxCd><Domn><Cd>PMNT</Cd><Fmly><Cd>RCDT</Cd><SubFmlyCd>ATXN</SubFmlyCd></Fmly></Domn></BkTxCd><NtryDtls><Btch><NbOfTxs>1</NbOfTxs></Btch><TxDtls><Refs><AcctSvcrRef>221111CH09GFZS8D</AcctSvcrRef><InstrId>9908314TI1345938</InstrId><EndToEndId>NOTPROVIDED</EndToEndId><Prtry><Tp>00</Tp><Ref>221111CH09GFZS8D</Ref></Prtry></Refs><Amt Ccy="CHF">196.92</Amt><CdtDbtInd>CRDT</CdtDbtInd><BkTxCd><Domn><Cd>PMNT</Cd><Fmly><Cd>RCDT</Cd><SubFmlyCd>ATXN</SubFmlyCd></Fmly></Domn></BkTxCd><RltdPties><Dbtr><Nm>SCHULDTITEL ONLINE AG</Nm><PstlAdr><AdrLine>C/O ADVERTA TREUHAND AG QUADERSTRAS</AdrLine><AdrLine>SE 11 CH 7001 CHUR</AdrLine></PstlAdr></Dbtr><DbtrAcct><Id><IBAN>CH880020820892074501D</IBAN></Id></DbtrAcct><CdtrAcct><Id><IBAN>CH9209000000414939852</IBAN></Id></CdtrAcct></RltdPties><RltdAgts><DbtrAgt><FinInstnId><ClrSysMmbId><MmbId>208</MmbId></ClrSysMmbId><Nm>UBS Switzerland AG</Nm><PstlAdr><AdrLine>Poststrasse 1</AdrLine><AdrLine>7002 Chur</AdrLine></PstlAdr></FinInstnId></DbtrAgt></RltdAgts><RmtInf><Ustrd>ABR 827 15 </Ustrd><Strd><AddtlRmtInf>?REJECT?000</AddtlRmtInf><AddtlRmtInf>?ERROR?000</AddtlRmtInf></Strd></RmtInf><RltdDts><AccptncDtTm>2022-11-11T20:00:00</AccptncDtTm></RltdDts></TxDtls></NtryDtls><AddtlNtryInf>GUTSCHRIFT AUFTRAGGEBER: SCHULDTITEL ONLINE AG C/O ADVERTA TREUHAND AG QUADERSTRAS SE 11 CH 7001 CHUR MITTEILUNGEN: ABR 827 15  SPESENBETRAG 0.00 CHF SHA REFERENZEN: NOTPROVIDED 9908314TI1345938 221111CH09GFZS8D</AddtlNtryInf></Ntry><Ntry><NtryRef>CH9209000000414939852</NtryRef><Amt Ccy="CHF">4207.86</Amt><CdtDbtInd>CRDT</CdtDbtInd><RvslInd>false</RvslInd><Sts>BOOK</Sts><BookgDt><Dt>2022-11-11</Dt></BookgDt><ValDt><Dt>2022-11-11</Dt></ValDt><AcctSvcrRef>315220009GAI46LK</AcctSvcrRef><BkTxCd><Domn><Cd>PMNT</Cd><Fmly><Cd>RCDT</Cd><SubFmlyCd>AUTT</SubFmlyCd></Fmly></Domn></BkTxCd><NtryDtls><Btch><NbOfTxs>1</NbOfTxs></Btch><TxDtls><Refs><MsgId>TWINT20221109-101-Merchant</MsgId><AcctSvcrRef>221110CH09GAI46L</AcctSvcrRef><PmtInfId>TWINT20221109-101-Merchant-B1</PmtInfId><InstrId>5996a2ac0b0e4752b400a6e4abfa076a</InstrId><EndToEndId>TWINT20221109-101-Merchant-B1</EndToEndId><Prtry><Tp>00</Tp><Ref>221110CH09GAI46L</Ref></Prtry></Refs><Amt Ccy="CHF">4207.86</Amt><CdtDbtInd>CRDT</CdtDbtInd><BkTxCd><Domn><Cd>PMNT</Cd><Fmly><Cd>RCDT</Cd><SubFmlyCd>AUTT</SubFmlyCd></Fmly></Domn></BkTxCd><RltdPties><Dbtr><Nm>TWINT Acquiring AG</Nm><PstlAdr><StrtNm>Stauffacherstrasse</StrtNm><BldgNb>41</BldgNb><PstCd>8004</PstCd><TwnNm>Zürich</TwnNm><Ctry>CH</Ctry></PstlAdr></Dbtr><DbtrAcct><Id><IBAN>CH6609000000313087410</IBAN></Id></DbtrAcct><CdtrAcct><Id><IBAN>CH9209000000414939852</IBAN></Id></CdtrAcct></RltdPties><RltdAgts><DbtrAgt><FinInstnId><BICFI>POFICHBEXXX</BICFI><Nm>POSTFINANCE AG</Nm><PstlAdr><AdrLine>MINGERSTRASSE 20</AdrLine><AdrLine>3030 BERN</AdrLine></PstlAdr></FinInstnId></DbtrAgt></RltdAgts><RmtInf><Ustrd>999999 TWINT TWINT Auszahlungen Pay</Ustrd><Ustrd>out 20221110                       </Ustrd><Ustrd>   Gross: 4263.30 Fees: -55.44</Ustrd><Strd><AddtlRmtInf>?REJECT?000</AddtlRmtInf><AddtlRmtInf>?ERROR?000</AddtlRmtInf></Strd></RmtInf><RltdDts><AccptncDtTm>2022-11-11T20:00:00</AccptncDtTm></RltdDts></TxDtls></NtryDtls><AddtlNtryInf>GUTSCHRIFT CH6609000000313087410 ABSENDER: TWINT ACQUIRING AG STAUFFACHERSTRASSE 41 8004 ZÜRICH MITTEILUNGEN: 999999 TWINT TWINT AUSZAHLUNGEN PAY OUT 20221110                           GROSS: 4263.30 FEES: -55.44 REFERENZEN: TWINT20221109-101-MERCHANT-B1</AddtlNtryInf></Ntry><Ntry><NtryRef>CH9209000000414939852</NtryRef><Amt Ccy="CHF">908.00</Amt><CdtDbtInd>CRDT</CdtDbtInd><RvslInd>false</RvslInd><Sts>BOOK</Sts><BookgDt><Dt>2022-11-11</Dt></BookgDt><ValDt><Dt>2022-11-11</Dt></ValDt><AcctSvcrRef>315220109GG4AQKK</AcctSvcrRef><BkTxCd><Domn><Cd>PMNT</Cd><Fmly><Cd>RCDT</Cd><SubFmlyCd>ATXN</SubFmlyCd></Fmly></Domn></BkTxCd><NtryDtls><Btch><NbOfTxs>1</NbOfTxs></Btch><TxDtls><Refs><AcctSvcrRef>221111CH09GG4AQK</AcctSvcrRef><InstrId>9972309TI8169050</InstrId><EndToEndId>NOTPROVIDED</EndToEndId><Prtry><Tp>00</Tp><Ref>221111CH09GG4AQK</Ref></Prtry></Refs><Amt Ccy="CHF">908.00</Amt><CdtDbtInd>CRDT</CdtDbtInd><BkTxCd><Domn><Cd>PMNT</Cd><Fmly><Cd>RCDT</Cd><SubFmlyCd>ATXN</SubFmlyCd></Fmly></Domn></BkTxCd><RltdPties><Dbtr><Nm>PATRIC OLIVIER HERREN U/O</Nm><PstlAdr><AdrLine>FRAU KAREN DE LA ROSA ZAPATA BRANDS</AdrLine><AdrLine>TRASSE 21 CH 8952 SCHLIEREN</AdrLine></PstlAdr></Dbtr><DbtrAcct><Id><IBAN>CH500027227217428340B</IBAN></Id></DbtrAcct><CdtrAcct><Id><IBAN>CH9209000000414939852</IBAN></Id></CdtrAcct></RltdPties><RltdAgts><DbtrAgt><FinInstnId><ClrSysMmbId><MmbId>272</MmbId></ClrSysMmbId><Nm>UBS Switzerland AG</Nm><PstlAdr><AdrLine>Nidaugasse 49</AdrLine><AdrLine>2501 Biel/Bienne</AdrLine></PstlAdr></FinInstnId></DbtrAgt></RltdAgts><RmtInf><Ustrd>RECHNUNG RE-95538 </Ustrd><Strd><AddtlRmtInf>?REJECT?000</AddtlRmtInf><AddtlRmtInf>?ERROR?000</AddtlRmtInf></Strd></RmtInf><RltdDts><AccptncDtTm>2022-11-11T20:00:00</AccptncDtTm></RltdDts></TxDtls></NtryDtls><AddtlNtryInf>GUTSCHRIFT AUFTRAGGEBER: PATRIC OLIVIER HERREN U/O FRAU KAREN DE LA ROSA ZAPATA BRANDS TRASSE 21 CH 8952 SCHLIEREN MITTEILUNGEN: RECHNUNG RE-95538  SPESENBETRAG 0.00 CHF SHA REFERENZEN: NOTPROVIDED 9972309TI8169050 221111CH09GG4AQK</AddtlNtryInf></Ntry><Ntry><NtryRef>CH9209000000414939852</NtryRef><Amt Ccy="CHF">4940.00</Amt><CdtDbtInd>CRDT</CdtDbtInd><RvslInd>false</RvslInd><Sts>BOOK</Sts><BookgDt><Dt>2022-11-11</Dt></BookgDt><ValDt><Dt>2022-11-11</Dt></ValDt><AcctSvcrRef>315220109GH6VINK</AcctSvcrRef><BkTxCd><Domn><Cd>PMNT</Cd><Fmly><Cd>RCDT</Cd><SubFmlyCd>ATXN</SubFmlyCd></Fmly></Domn></BkTxCd><NtryDtls><Btch><NbOfTxs>1</NbOfTxs></Btch><TxDtls><Refs><AcctSvcrRef>221111CH09GH6VIN</AcctSvcrRef><InstrId>17041075262/7XXX</InstrId><EndToEndId>BAPAIN134/95</EndToEndId><Prtry><Tp>00</Tp><Ref>221111CH09GH6VIN</Ref></Prtry></Refs><Amt Ccy="CHF">4940.00</Amt><CdtDbtInd>CRDT</CdtDbtInd><BkTxCd><Domn><Cd>PMNT</Cd><Fmly><Cd>RCDT</Cd><SubFmlyCd>ATXN</SubFmlyCd></Fmly></Domn></BkTxCd><RltdPties><Dbtr><Nm>Einwohnergemeinde St.Niklaus</Nm><PstlAdr><AdrLine>Bahnhofstrasse 5 Postfach 11</AdrLine><AdrLine>3924 St. Niklaus</AdrLine></PstlAdr></Dbtr><DbtrAcct><Id><IBAN>CH9580808002901502649</IBAN></Id></DbtrAcct><CdtrAcct><Id><IBAN>CH9209000000414939852</IBAN></Id></CdtrAcct></RltdPties><RltdAgts><DbtrAgt><FinInstnId><ClrSysMmbId><MmbId>80496</MmbId></ClrSysMmbId><Nm>Raiffeisenbank Mischabel-Matterhorn</Nm><PstlAdr><AdrLine>Bahnhofstrasse 13 - 15</AdrLine><AdrLine>3924 St. Niklaus VS</AdrLine></PstlAdr></FinInstnId></DbtrAgt></RltdAgts><RmtInf><Ustrd>94264</Ustrd><Strd><AddtlRmtInf>?REJECT?000</AddtlRmtInf><AddtlRmtInf>?ERROR?000</AddtlRmtInf></Strd></RmtInf><RltdDts><AccptncDtTm>2022-11-11T20:00:00</AccptncDtTm></RltdDts></TxDtls></NtryDtls><AddtlNtryInf>GUTSCHRIFT AUFTRAGGEBER: EINWOHNERGEMEINDE ST.NIKLAUS BAHNHOFSTRASSE 5 POSTFACH 11 3924 ST. NIKLAUS MITTEILUNGEN: 94264 REFERENZEN: BAPAIN134/95 17041075262/7XXX 221111CH09GH6VIN</AddtlNtryInf></Ntry><Ntry><Amt Ccy="CHF">5000.00</Amt><CdtDbtInd>DBIT</CdtDbtInd><RvslInd>false</RvslInd><Sts>BOOK</Sts><BookgDt><Dt>2022-11-11</Dt></BookgDt><ValDt><Dt>2022-11-11</Dt></ValDt><AcctSvcrRef>315220009GCJV2VK</AcctSvcrRef><BkTxCd><Domn><Cd>PMNT</Cd><Fmly><Cd>ICDT</Cd><SubFmlyCd>DMCT</SubFmlyCd></Fmly></Domn></BkTxCd><NtryDtls><TxDtls><Refs><AcctSvcrRef>25-694777172-1</AcctSvcrRef><PmtInfId>25:694777172</PmtInfId><InstrId>20221111000800314674023</InstrId></Refs><Amt Ccy="CHF">5000.00</Amt><CdtDbtInd>DBIT</CdtDbtInd><BkTxCd><Domn><Cd>PMNT</Cd><Fmly><Cd>ICDT</Cd><SubFmlyCd>DMCT</SubFmlyCd></Fmly></Domn></BkTxCd><RltdPties><Cdtr><Nm>Cornèr Banca SA, Lugano</Nm><PstlAdr><Ctry>CH</Ctry></PstlAdr></Cdtr><CdtrAcct><Id><IBAN>CH6408490900130065656</IBAN></Id></CdtrAcct></RltdPties><RltdAgts><CdtrAgt><FinInstnId><BICFI>CBLUCH22XXX</BICFI><Nm>Cornèr Banca SA</Nm><PstlAdr><Ctry>CH</Ctry><AdrLine>Via Canova 16 6901 Lugano</AdrLine></PstlAdr></FinInstnId></CdtrAgt></RltdAgts><RmtInf><Ustrd>eversmart prodcuts Handels GmbH</Ustrd></RmtInf></TxDtls></NtryDtls><AddtlNtryInf>LASTSCHRIFT CORNÈR BANCA SA VIA CANOVA 16 6901 LUGANO CH6408490900130065656 CORNÈR BANCA SA, LUGANO SENDER REFERENZ: KREDITKARTEN ABGLEICH CORNERCARD 20221111000800314674023</AddtlNtryInf></Ntry><Ntry><Amt Ccy="CHF">9989.00</Amt><CdtDbtInd>DBIT</CdtDbtInd><RvslInd>false</RvslInd><Sts>BOOK</Sts><BookgDt><Dt>2022-11-11</Dt></BookgDt><ValDt><Dt>2022-11-11</Dt></ValDt><AcctSvcrRef>315220009GI1CV7K</AcctSvcrRef><BkTxCd><Domn><Cd>PMNT</Cd><Fmly><Cd>ICDT</Cd><SubFmlyCd>XBCT</SubFmlyCd></Fmly></Domn></BkTxCd><NtryDtls><TxDtls><Refs><AcctSvcrRef>25-694881600-1</AcctSvcrRef><PmtInfId>25:694881600</PmtInfId><InstrId>20221111000800318283141</InstrId></Refs><Amt Ccy="CHF">9989.00</Amt><CdtDbtInd>DBIT</CdtDbtInd><AmtDtls><InstdAmt><Amt Ccy="EUR">10000.00</Amt><CcyXchg><SrcCcy>EUR</SrcCcy><XchgRate>0.9989</XchgRate></CcyXchg></InstdAmt></AmtDtls><BkTxCd><Domn><Cd>PMNT</Cd><Fmly><Cd>ICDT</Cd><SubFmlyCd>XBCT</SubFmlyCd></Fmly></Domn></BkTxCd><RltdPties><Cdtr><Nm>LivingCare GmbH</Nm><PstlAdr><StrtNm>Randenweg</StrtNm><BldgNb>21</BldgNb><PstCd>79798</PstCd><TwnNm>Jestetten</TwnNm><Ctry>DE</Ctry></PstlAdr></Cdtr><CdtrAcct><Id><IBAN>DE59684922000002220830</IBAN></Id></CdtrAcct></RltdPties><RltdAgts><CdtrAgt><FinInstnId><BICFI>GENODE61WT1</BICFI><Nm>VOLKSBANK HOCHRHEIN EG</Nm><PstlAdr><Ctry>DE</Ctry><AdrLine>BISMARCKSTRASSE 29 79761 WALDSHUT-TIENGEN</AdrLine></PstlAdr></FinInstnId></CdtrAgt></RltdAgts><RmtInf><Ustrd>Akonto November 2022</Ustrd></RmtInf></TxDtls></NtryDtls><AddtlNtryInf>GIRO INTERNATIONAL URGENT EXPRESS EUR 10'000.00 ZUM KURS VON 0.9989 VOLKSBANK HOCHRHEIN EG BISMARCKSTRASSE 29 79761 WALDSHUT-TIENGEN DE59684922000002220830 LIVINGCARE GMBH RANDENWEG 21 79798 JESTETTEN SENDER REFERENZ: AKONTO NOVEMBER 2022 LIVINGCARE 20221111000800318283141</AddtlNtryInf></Ntry><Ntry><Amt Ccy="CHF">3312.40</Amt><CdtDbtInd>DBIT</CdtDbtInd><RvslInd>false</RvslInd><Sts>BOOK</Sts><BookgDt><Dt>2022-11-11</Dt></BookgDt><ValDt><Dt>2022-11-11</Dt></ValDt><AcctSvcrRef>315220009GIAGP3K</AcctSvcrRef><BkTxCd><Domn><Cd>PMNT</Cd><Fmly><Cd>ICDT</Cd><SubFmlyCd>DMCT</SubFmlyCd></Fmly></Domn></BkTxCd><NtryDtls><TxDtls><Refs><AcctSvcrRef>25-694852270-1</AcctSvcrRef><PmtInfId>25:694852270</PmtInfId><InstrId>20221111000800317186688</InstrId></Refs><Amt Ccy="CHF">3312.40</Amt><CdtDbtInd>DBIT</CdtDbtInd><BkTxCd><Domn><Cd>PMNT</Cd><Fmly><Cd>ICDT</Cd><SubFmlyCd>DMCT</SubFmlyCd></Fmly></Domn></BkTxCd><RltdPties><Cdtr><Nm>Win-Soft - Web Solution</Nm><PstlAdr><Ctry>CH</Ctry></PstlAdr></Cdtr><CdtrAcct><Id><IBAN>CH5730808008388417671</IBAN></Id></CdtrAcct></RltdPties><RltdAgts><CdtrAgt><FinInstnId><BICFI>RAIFCH22XXX</BICFI><Nm>Raiffeisen</Nm><PstlAdr><Ctry>CH</Ctry><AdrLine>Raiffeisenplatz</AdrLine><AdrLine>9001 St. Gallen</AdrLine></PstlAdr></FinInstnId></CdtrAgt></RltdAgts><RmtInf><Strd><CdtrRefInf><Tp><CdOrPrtry><Prtry>QRR</Prtry></CdOrPrtry></Tp><Ref>670953000000000000202203099</Ref></CdtrRefInf><AddtlRmtInf>Rechnung INV-2022-0309</AddtlRmtInf></Strd></RmtInf></TxDtls></NtryDtls><AddtlNtryInf>LASTSCHRIFT RAIFFEISEN RAIFFEISENPLATZ 9001 ST. GALLEN CH5730808008388417671 WIN-SOFT - WEB SOLUTION SENDER REFERENZ: ODOO RECHNUNG INV-2022-0309 20221111000800317186688</AddtlNtryInf></Ntry><Ntry><NtryRef>CH4330000001414939852</NtryRef><Amt Ccy="CHF">1403.10</Amt><CdtDbtInd>CRDT</CdtDbtInd><RvslInd>false</RvslInd><Sts>BOOK</Sts><BookgDt><Dt>2022-11-11</Dt></BookgDt><ValDt><Dt>2022-11-11</Dt></ValDt><AcctSvcrRef>315220009GKHN9SU</AcctSvcrRef><BkTxCd><Domn><Cd>PMNT</Cd><Fmly><Cd>RCDT</Cd><SubFmlyCd>VCOM</SubFmlyCd></Fmly></Domn></BkTxCd><Chrgs><TtlChrgsAndTaxAmt Ccy="CHF">6.30</TtlChrgsAndTaxAmt><Rcrd><Amt Ccy="CHF">6.30</Amt><CdtDbtInd>DBIT</CdtDbtInd><ChrgInclInd>false</ChrgInclInd><Tp><Prtry><Id>2</Id></Prtry></Tp></Rcrd></Chrgs><NtryDtls><TxDtls><Refs><AcctSvcrRef>315220009GKHN9SU</AcctSvcrRef></Refs><Amt Ccy="CHF">1403.10</Amt><CdtDbtInd>CRDT</CdtDbtInd></TxDtls></NtryDtls><AddtlNtryInf>SAMMELGUTSCHRIFT FÜR KONTO: CH4330000001414939852 VERARBEITUNG VOM 11.11.2022 PAKET ID: 221111CH000007KM</AddtlNtryInf></Ntry><Ntry><NtryRef>CH9530000002414939852</NtryRef><Amt Ccy="CHF">34.30</Amt><CdtDbtInd>CRDT</CdtDbtInd><RvslInd>false</RvslInd><Sts>BOOK</Sts><BookgDt><Dt>2022-11-11</Dt></BookgDt><ValDt><Dt>2022-11-11</Dt></ValDt><AcctSvcrRef>315220009GKHXKCU</AcctSvcrRef><BkTxCd><Domn><Cd>PMNT</Cd><Fmly><Cd>RCDT</Cd><SubFmlyCd>VCOM</SubFmlyCd></Fmly></Domn></BkTxCd><NtryDtls><TxDtls><Refs><AcctSvcrRef>315220009GKHXKCU</AcctSvcrRef></Refs><Amt Ccy="CHF">34.30</Amt><CdtDbtInd>CRDT</CdtDbtInd></TxDtls></NtryDtls><AddtlNtryInf>SAMMELGUTSCHRIFT FÜR KONTO: CH9530000002414939852 VERARBEITUNG VOM 11.11.2022 PAKET ID: 221111CH00000CC6</AddtlNtryInf></Ntry><Ntry><Amt Ccy="CHF">1196.00</Amt><CdtDbtInd>CRDT</CdtDbtInd><RvslInd>false</RvslInd><Sts>BOOK</Sts><BookgDt><Dt>2022-11-11</Dt></BookgDt><ValDt><Dt>2022-11-11</Dt></ValDt><AcctSvcrRef>3152400318074804</AcctSvcrRef><BkTxCd><Domn><Cd>PMNT</Cd><Fmly><Cd>MCRD</Cd><SubFmlyCd>POSP</SubFmlyCd></Fmly></Domn></BkTxCd><NtryDtls><TxDtls><Refs><AcctSvcrRef>3152400318074804</AcctSvcrRef></Refs><Amt Ccy="CHF">1196.00</Amt><CdtDbtInd>CRDT</CdtDbtInd></TxDtls></NtryDtls><AddtlNtryInf>GUTSCHRIFT E-PAYMENT-TRANSAKTIONEN POSTFINANCE E-FINANCE EINLIEFERUNG VOM 10.11.2022 EVERSMART PRODUCTS HANDELS GMBH PFAQ08TC0000001 WWW.MEIN-STEHTISCH.CH</AddtlNtryInf></Ntry><Ntry><Amt Ccy="CHF">79.90</Amt><CdtDbtInd>CRDT</CdtDbtInd><RvslInd>false</RvslInd><Sts>BOOK</Sts><BookgDt><Dt>2022-11-11</Dt></BookgDt><ValDt><Dt>2022-11-11</Dt></ValDt><AcctSvcrRef>3152400318074806</AcctSvcrRef><BkTxCd><Domn><Cd>PMNT</Cd><Fmly><Cd>MCRD</Cd><SubFmlyCd>POSP</SubFmlyCd></Fmly></Domn></BkTxCd><NtryDtls><TxDtls><Refs><AcctSvcrRef>3152400318074806</AcctSvcrRef></Refs><Amt Ccy="CHF">79.90</Amt><CdtDbtInd>CRDT</CdtDbtInd></TxDtls></NtryDtls><AddtlNtryInf>GUTSCHRIFT E-PAYMENT-TRANSAKTIONEN POSTFINANCE CARD EINLIEFERUNG VOM 10.11.2022 EVERSMART PRODUCTS HANDELS GMBH PFAQ08TX0000001 HTTPS://KNIRSCHFREI.CH</AddtlNtryInf></Ntry></Stmt></BkToCstmrStmt></Document>
