<?xml version="1.0" encoding="UTF-8"?>
<Document xmlns="urn:iso:std:iso:20022:tech:xsd:camt.054.001.04" xmlns:xsi="http://www.w3.org/2001/XMLSchema-instance" xsi:schemaLocation="urn:iso:std:iso:20022:tech:xsd:camt.054.001.04 camt.054.001.04.xsd"><BkToCstmrDbtCdtNtfctn><GrpHdr><MsgId>20220802375204896993004</MsgId><CreDtTm>2022-08-02T23:48:19</CreDtTm><MsgPgntn><PgNb>1</PgNb><LastPgInd>true</LastPgInd></MsgPgntn><AddtlInf>SPS/1.7/PROD</AddtlInf></GrpHdr><Ntfctn><Id>20220802375204896993008</Id><CreDtTm>2022-08-02T23:48:19</CreDtTm><FrToDt><FrDtTm>2022-07-30T00:00:00</FrDtTm><ToDtTm>2022-08-02T23:59:59</ToDtTm></FrToDt><RptgSrc><Prtry>OTHR</Prtry></RptgSrc><Acct><Id><IBAN>CH9209000000414939852</IBAN></Id><Ownr><Nm>eversmart products Handels GmbH Pfäffikon SZ</Nm></Ownr></Acct><Ntry><NtryRef>CH9530000002414939852</NtryRef><Amt Ccy="CHF">49.90</Amt><CdtDbtInd>CRDT</CdtDbtInd><RvslInd>false</RvslInd><Sts>BOOK</Sts><BookgDt><Dt>2022-08-02</Dt></BookgDt><ValDt><Dt>2022-08-02</Dt></ValDt><AcctSvcrRef>214220009125U7NU</AcctSvcrRef><BkTxCd><Domn><Cd>PMNT</Cd><Fmly><Cd>RCDT</Cd><SubFmlyCd>VCOM</SubFmlyCd></Fmly></Domn></BkTxCd><NtryDtls><Btch><NbOfTxs>1</NbOfTxs></Btch><TxDtls><Refs><AcctSvcrRef>220729CH090K1COP</AcctSvcrRef><InstrId>20220729000800507148141</InstrId><Prtry><Tp>00</Tp><Ref>20220802375204550764165</Ref></Prtry></Refs><Amt Ccy="CHF">49.90</Amt><CdtDbtInd>CRDT</CdtDbtInd><BkTxCd><Domn><Cd>PMNT</Cd><Fmly><Cd>RCDT</Cd><SubFmlyCd>AUTT</SubFmlyCd></Fmly></Domn></BkTxCd><RltdPties><Dbtr><Nm>Schneider Vera</Nm><PstlAdr><StrtNm>Grünauweg</StrtNm><BldgNb>10</BldgNb><PstCd>3661</PstCd><TwnNm>Uetendorf</TwnNm><Ctry>CH</Ctry></PstlAdr></Dbtr><DbtrAcct><Id><IBAN>CH5409000000805242734</IBAN></Id></DbtrAcct><UltmtDbtr><Nm>Schneider Vera</Nm><PstlAdr><StrtNm>Grünauweg</StrtNm><BldgNb>10</BldgNb><PstCd>3661</PstCd><TwnNm>Uetendorf</TwnNm><Ctry>CH</Ctry></PstlAdr></UltmtDbtr></RltdPties><RltdAgts><DbtrAgt><FinInstnId><BICFI>POFICHBEXXX</BICFI><Nm>POSTFINANCE AG</Nm><PstlAdr><AdrLine>MINGERSTRASSE , 20</AdrLine><AdrLine>3030 BERN</AdrLine></PstlAdr></FinInstnId></DbtrAgt></RltdAgts><RmtInf><Strd><CdtrRefInf><Tp><CdOrPrtry><Prtry>QRR</Prtry></CdOrPrtry></Tp><Ref>000000000000000000000004004</Ref></CdtrRefInf><AddtlRmtInf>?REJECT?0</AddtlRmtInf><AddtlRmtInf>?ERROR?000</AddtlRmtInf></Strd></RmtInf><RltdDts><AccptncDtTm>2022-08-02T20:00:00</AccptncDtTm></RltdDts></TxDtls></NtryDtls><AddtlNtryInf>SAMMELGUTSCHRIFT FÜR KONTO: CH9530000002414939852 VERARBEITUNG VOM 02.08.2022 PAKET ID: 220802CH00000EYD</AddtlNtryInf></Ntry></Ntfctn></BkToCstmrDbtCdtNtfctn></Document>
