<?xml version="1.0" encoding="UTF-8"?>
<Document xmlns="urn:iso:std:iso:20022:tech:xsd:camt.053.001.04" xmlns:xsi="http://www.w3.org/2001/XMLSchema-instance" xsi:schemaLocation="urn:iso:std:iso:20022:tech:xsd:camt.053.001.04 camt.053.001.04.xsd"><BkToCstmrStmt><GrpHdr><MsgId>20221107375204971455873</MsgId><CreDtTm>2022-11-08T01:55:12</CreDtTm><MsgPgntn><PgNb>1</PgNb><LastPgInd>true</LastPgInd></MsgPgntn><AddtlInf>SPS/1.7/PROD</AddtlInf></GrpHdr><Stmt><Id>20221107375204971455886</Id><ElctrncSeqNb>218</ElctrncSeqNb><CreDtTm>2022-11-08T01:55:12</CreDtTm><FrToDt><FrDtTm>2022-11-05T00:00:00</FrDtTm><ToDtTm>2022-11-07T23:59:59</ToDtTm></FrToDt><Acct><Id><IBAN>CH9209000000414939852</IBAN></Id><Ownr><Nm>eversmart products Handels GmbH Pfäffikon SZ</Nm></Ownr></Acct><Bal><Tp><CdOrPrtry><Cd>OPBD</Cd></CdOrPrtry></Tp><Amt Ccy="CHF">15846.32</Amt><CdtDbtInd>CRDT</CdtDbtInd><Dt><Dt>2022-11-05</Dt></Dt></Bal><Bal><Tp><CdOrPrtry><Cd>CLBD</Cd></CdOrPrtry></Tp><Amt Ccy="CHF">33719.96</Amt><CdtDbtInd>CRDT</CdtDbtInd><Dt><Dt>2022-11-07</Dt></Dt></Bal><Bal><Tp><CdOrPrtry><Cd>CLAV</Cd></CdOrPrtry></Tp><Amt Ccy="CHF">33719.96</Amt><CdtDbtInd>CRDT</CdtDbtInd><Dt><Dt>2022-11-07</Dt></Dt></Bal><Ntry><Amt Ccy="CHF">79.90</Amt><CdtDbtInd>CRDT</CdtDbtInd><RvslInd>false</RvslInd><Sts>BOOK</Sts><BookgDt><Dt>2022-11-05</Dt></BookgDt><ValDt><Dt>2022-11-07</Dt></ValDt><AcctSvcrRef>3092400308409534</AcctSvcrRef><BkTxCd><Domn><Cd>PMNT</Cd><Fmly><Cd>MCRD</Cd><SubFmlyCd>POSP</SubFmlyCd></Fmly></Domn></BkTxCd><NtryDtls><TxDtls><Refs><AcctSvcrRef>3092400308409534</AcctSvcrRef></Refs><Amt Ccy="CHF">79.90</Amt><CdtDbtInd>CRDT</CdtDbtInd></TxDtls></NtryDtls><AddtlNtryInf>GUTSCHRIFT E-PAYMENT-TRANSAKTIONEN POSTFINANCE CARD EINLIEFERUNG VOM 04.11.2022 EVERSMART PRODUCTS HANDELS GMBH PFAQ08TX0000001 HTTPS://KNIRSCHFREI.CH</AddtlNtryInf></Ntry><Ntry><Amt Ccy="CHF">74.20</Amt><CdtDbtInd>DBIT</CdtDbtInd><RvslInd>false</RvslInd><Sts>BOOK</Sts><BookgDt><Dt>2022-11-07</Dt></BookgDt><ValDt><Dt>2022-11-07</Dt></ValDt><AcctSvcrRef>311220009FHQEXNK</AcctSvcrRef><BkTxCd><Domn><Cd>PMNT</Cd><Fmly><Cd>ICDT</Cd><SubFmlyCd>DMCT</SubFmlyCd></Fmly></Domn></BkTxCd><NtryDtls><TxDtls><Refs><AcctSvcrRef>25-691407478-1</AcctSvcrRef><PmtInfId>25:691407478</PmtInfId></Refs><Amt Ccy="CHF">74.20</Amt><CdtDbtInd>DBIT</CdtDbtInd><BkTxCd><Domn><Cd>PMNT</Cd><Fmly><Cd>ICDT</Cd><SubFmlyCd>DMCT</SubFmlyCd></Fmly></Domn></BkTxCd><RltdPties><Cdtr><Nm>FedEx Express Swiss Post GmbH</Nm><PstlAdr><Ctry>CH</Ctry></PstlAdr></Cdtr><CdtrAcct><Id><IBAN>CH6931000263146901001</IBAN></Id></CdtrAcct></RltdPties><RltdAgts><CdtrAgt><FinInstnId><BICFI>CRESCHZZ80A</BICFI><Nm>Credit Suisse (Schweiz) AG</Nm><PstlAdr><Ctry>CH</Ctry><AdrLine>Paradeplatz 8</AdrLine><AdrLine>8070 Zürich</AdrLine></PstlAdr></FinInstnId></CdtrAgt></RltdAgts><RmtInf><Strd><CdtrRefInf><Tp><CdOrPrtry><Prtry>QRR</Prtry></CdOrPrtry></Tp><Ref>984988091741586202243919143</Ref></CdtrRefInf><AddtlRmtInf>224391914 17.08.2021 Kde Nr.917415862</AddtlRmtInf></Strd></RmtInf></TxDtls></NtryDtls><AddtlNtryInf>LASTSCHRIFT CREDIT SUISSE (SCHWEIZ) AG PARADEPLATZ 8 8070 ZÜRICH CH6931000263146901001 FEDEX EXPRESS SWISS POST GMBH SENDER REFERENZ: FEDEX</AddtlNtryInf></Ntry><Ntry><Amt Ccy="CHF">338.50</Amt><CdtDbtInd>DBIT</CdtDbtInd><RvslInd>false</RvslInd><Sts>BOOK</Sts><BookgDt><Dt>2022-11-07</Dt></BookgDt><ValDt><Dt>2022-11-07</Dt></ValDt><AcctSvcrRef>311220009FFV0FOK</AcctSvcrRef><BkTxCd><Domn><Cd>PMNT</Cd><Fmly><Cd>ICDT</Cd><SubFmlyCd>BOOK</SubFmlyCd></Fmly></Domn></BkTxCd><NtryDtls><TxDtls><Refs><AcctSvcrRef>25-691406414-1</AcctSvcrRef><PmtInfId>25:691406414</PmtInfId></Refs><Amt Ccy="CHF">338.50</Amt><CdtDbtInd>DBIT</CdtDbtInd><BkTxCd><Domn><Cd>PMNT</Cd><Fmly><Cd>ICDT</Cd><SubFmlyCd>BOOK</SubFmlyCd></Fmly></Domn></BkTxCd><RltdPties><Cdtr><Nm>Lamprecht Transport AG</Nm><PstlAdr><Ctry>CH</Ctry><AdrLine>Basel</AdrLine></PstlAdr></Cdtr><CdtrAcct><Id><IBAN>CH1830000001400180103</IBAN></Id></CdtrAcct></RltdPties><RmtInf><Strd><CdtrRefInf><Tp><CdOrPrtry><Prtry>QRR</Prtry></CdOrPrtry></Tp><Ref>210507000032493212259094877</Ref></CdtrRefInf><AddtlRmtInf>R E C H N U N G    Nr. 5909487 10 Packages Monitor Stand</AddtlRmtInf></Strd></RmtInf></TxDtls></NtryDtls><AddtlNtryInf>LASTSCHRIFT CH1830000001400180103 LAMPRECHT TRANSPORT AG BASEL</AddtlNtryInf></Ntry><Ntry><NtryRef>CH9209000000414939852</NtryRef><Amt Ccy="CHF">829.00</Amt><CdtDbtInd>CRDT</CdtDbtInd><RvslInd>false</RvslInd><Sts>BOOK</Sts><BookgDt><Dt>2022-11-07</Dt></BookgDt><ValDt><Dt>2022-11-07</Dt></ValDt><AcctSvcrRef>311220109FHA4LQK</AcctSvcrRef><BkTxCd><Domn><Cd>PMNT</Cd><Fmly><Cd>RCDT</Cd><SubFmlyCd>AUTT</SubFmlyCd></Fmly></Domn></BkTxCd><NtryDtls><Btch><NbOfTxs>1</NbOfTxs></Btch><TxDtls><Refs><AcctSvcrRef>221104CH09FHA4LQ</AcctSvcrRef><InstrId>20221104000800201976709</InstrId><Prtry><Tp>00</Tp><Ref>221104CH09FHA4LQ</Ref></Prtry></Refs><Amt Ccy="CHF">829.00</Amt><CdtDbtInd>CRDT</CdtDbtInd><BkTxCd><Domn><Cd>PMNT</Cd><Fmly><Cd>RCDT</Cd><SubFmlyCd>AUTT</SubFmlyCd></Fmly></Domn></BkTxCd><RltdPties><Dbtr><Nm>Emmenegger, Patrick</Nm><PstlAdr><StrtNm>Lohnbergstrasse</StrtNm><BldgNb>36</BldgNb><PstCd>4315</PstCd><TwnNm>Zuzgen</TwnNm><Ctry>CH</Ctry></PstlAdr></Dbtr><DbtrAcct><Id><IBAN>CH1709000000152832652</IBAN></Id></DbtrAcct><CdtrAcct><Id><IBAN>CH9209000000414939852</IBAN></Id></CdtrAcct></RltdPties><RltdAgts><DbtrAgt><FinInstnId><BICFI>POFICHBEXXX</BICFI><Nm>POSTFINANCE AG</Nm><PstlAdr><AdrLine>MINGERSTRASSE 20</AdrLine><AdrLine>3030 BERN</AdrLine></PstlAdr></FinInstnId></DbtrAgt></RltdAgts><RmtInf><Ustrd>Rechnung RE-79486</Ustrd><Strd><AddtlRmtInf>?REJECT?000</AddtlRmtInf><AddtlRmtInf>?ERROR?000</AddtlRmtInf></Strd></RmtInf><RltdDts><AccptncDtTm>2022-11-07T20:00:00</AccptncDtTm></RltdDts></TxDtls></NtryDtls><AddtlNtryInf>GUTSCHRIFT CH1709000000152832652 ABSENDER: EMMENEGGER, PATRICK LOHNBERGSTRASSE 36 4315 ZUZGEN MITTEILUNGEN: RECHNUNG RE-79486</AddtlNtryInf></Ntry><Ntry><NtryRef>CH9209000000414939852</NtryRef><Amt Ccy="CHF">928.00</Amt><CdtDbtInd>CRDT</CdtDbtInd><RvslInd>false</RvslInd><Sts>BOOK</Sts><BookgDt><Dt>2022-11-07</Dt></BookgDt><ValDt><Dt>2022-11-07</Dt></ValDt><AcctSvcrRef>311220109FO9KHFK</AcctSvcrRef><BkTxCd><Domn><Cd>PMNT</Cd><Fmly><Cd>RCDT</Cd><SubFmlyCd>ATXN</SubFmlyCd></Fmly></Domn></BkTxCd><NtryDtls><Btch><NbOfTxs>1</NbOfTxs></Btch><TxDtls><Refs><AcctSvcrRef>221107CH09FO9KHF</AcctSvcrRef><InstrId>DNX8221106C59022</InstrId><EndToEndId>SP-82111879-0</EndToEndId><Prtry><Tp>00</Tp><Ref>221107CH09FO9KHF</Ref></Prtry></Refs><Amt Ccy="CHF">928.00</Amt><CdtDbtInd>CRDT</CdtDbtInd><BkTxCd><Domn><Cd>PMNT</Cd><Fmly><Cd>RCDT</Cd><SubFmlyCd>ATXN</SubFmlyCd></Fmly></Domn></BkTxCd><RltdPties><Dbtr><Nm>Cedric Kohler</Nm><PstlAdr><StrtNm>Route de Champ Diguez</StrtNm><BldgNb>4</BldgNb><PstCd>1699</PstCd><TwnNm>Porsel</TwnNm><Ctry>CH</Ctry></PstlAdr></Dbtr><DbtrAcct><Id><IBAN>CH2504835126146320000</IBAN></Id></DbtrAcct><CdtrAcct><Id><IBAN>CH9209000000414939852</IBAN></Id></CdtrAcct></RltdPties><RltdAgts><DbtrAgt><FinInstnId><ClrSysMmbId><MmbId>4835</MmbId></ClrSysMmbId><Nm>Credit Suisse (Schweiz) AG</Nm><PstlAdr><AdrLine>Paradeplatz 8</AdrLine><AdrLine>8070 Zürich</AdrLine></PstlAdr></FinInstnId></DbtrAgt></RltdAgts><RmtInf><Ustrd>Bestellnummer 10602</Ustrd><Strd><AddtlRmtInf>?REJECT?000</AddtlRmtInf><AddtlRmtInf>?ERROR?000</AddtlRmtInf></Strd></RmtInf><RltdDts><AccptncDtTm>2022-11-07T20:00:00</AccptncDtTm></RltdDts></TxDtls></NtryDtls><AddtlNtryInf>GUTSCHRIFT AUFTRAGGEBER: CEDRIC KOHLER ROUTE DE CHAMP DIGUEZ 4 1699 PORSEL MITTEILUNGEN: BESTELLNUMMER 10602 SPESENBETRAG 0.00 CHF SHA REFERENZEN: SP-82111879-0 DNX8221106C59022 221107CH09FO9KHF</AddtlNtryInf></Ntry><Ntry><NtryRef>CH9209000000414939852</NtryRef><Amt Ccy="CHF">2487.61</Amt><CdtDbtInd>CRDT</CdtDbtInd><RvslInd>false</RvslInd><Sts>BOOK</Sts><BookgDt><Dt>2022-11-07</Dt></BookgDt><ValDt><Dt>2022-11-07</Dt></ValDt><AcctSvcrRef>311220009FFRU4XK</AcctSvcrRef><BkTxCd><Domn><Cd>PMNT</Cd><Fmly><Cd>RCDT</Cd><SubFmlyCd>AUTT</SubFmlyCd></Fmly></Domn></BkTxCd><NtryDtls><Btch><NbOfTxs>1</NbOfTxs></Btch><TxDtls><Refs><MsgId>TWINT20221103-101-Merchant</MsgId><AcctSvcrRef>221104CH09FFRU4X</AcctSvcrRef><PmtInfId>TWINT20221103-101-Merchant-B1</PmtInfId><InstrId>3c612a66301f489cab59904bdcc2987d</InstrId><EndToEndId>TWINT20221103-101-Merchant-B1</EndToEndId><Prtry><Tp>00</Tp><Ref>221104CH09FFRU4X</Ref></Prtry></Refs><Amt Ccy="CHF">2487.61</Amt><CdtDbtInd>CRDT</CdtDbtInd><BkTxCd><Domn><Cd>PMNT</Cd><Fmly><Cd>RCDT</Cd><SubFmlyCd>AUTT</SubFmlyCd></Fmly></Domn></BkTxCd><RltdPties><Dbtr><Nm>TWINT Acquiring AG</Nm><PstlAdr><StrtNm>Stauffacherstrasse</StrtNm><BldgNb>41</BldgNb><PstCd>8004</PstCd><TwnNm>Zürich</TwnNm><Ctry>CH</Ctry></PstlAdr></Dbtr><DbtrAcct><Id><IBAN>CH6609000000313087410</IBAN></Id></DbtrAcct><CdtrAcct><Id><IBAN>CH9209000000414939852</IBAN></Id></CdtrAcct></RltdPties><RltdAgts><DbtrAgt><FinInstnId><BICFI>POFICHBEXXX</BICFI><Nm>POSTFINANCE AG</Nm><PstlAdr><AdrLine>MINGERSTRASSE 20</AdrLine><AdrLine>3030 BERN</AdrLine></PstlAdr></FinInstnId></DbtrAgt></RltdAgts><RmtInf><Ustrd>999999 TWINT TWINT Auszahlungen Pay</Ustrd><Ustrd>out 20221104                       </Ustrd><Ustrd>   Gross: 2520.40 Fees: -32.79</Ustrd><Strd><AddtlRmtInf>?REJECT?000</AddtlRmtInf><AddtlRmtInf>?ERROR?000</AddtlRmtInf></Strd></RmtInf><RltdDts><AccptncDtTm>2022-11-07T20:00:00</AccptncDtTm></RltdDts></TxDtls></NtryDtls><AddtlNtryInf>GUTSCHRIFT CH6609000000313087410 ABSENDER: TWINT ACQUIRING AG STAUFFACHERSTRASSE 41 8004 ZÜRICH MITTEILUNGEN: 999999 TWINT TWINT AUSZAHLUNGEN PAY OUT 20221104                           GROSS: 2520.40 FEES: -32.79 REFERENZEN: TWINT20221103-101-MERCHANT-B1</AddtlNtryInf></Ntry><Ntry><NtryRef>CH9209000000414939852</NtryRef><Amt Ccy="CHF">77.52</Amt><CdtDbtInd>CRDT</CdtDbtInd><RvslInd>false</RvslInd><Sts>BOOK</Sts><BookgDt><Dt>2022-11-07</Dt></BookgDt><ValDt><Dt>2022-11-07</Dt></ValDt><AcctSvcrRef>311220109FQKZWTK</AcctSvcrRef><BkTxCd><Domn><Cd>PMNT</Cd><Fmly><Cd>RCDT</Cd><SubFmlyCd>ATXN</SubFmlyCd></Fmly></Domn></BkTxCd><NtryDtls><Btch><NbOfTxs>1</NbOfTxs></Btch><TxDtls><Refs><AcctSvcrRef>221107CH09FQKZWT</AcctSvcrRef><InstrId>LON03259293108</InstrId><EndToEndId>NOTPROVIDED</EndToEndId><Prtry><Tp>00</Tp><Ref>221107CH09FQKZWT</Ref></Prtry></Refs><Amt Ccy="CHF">77.52</Amt><CdtDbtInd>CRDT</CdtDbtInd><BkTxCd><Domn><Cd>PMNT</Cd><Fmly><Cd>RCDT</Cd><SubFmlyCd>ATXN</SubFmlyCd></Fmly></Domn></BkTxCd><RltdPties><Dbtr><Nm>STRIPE PAYMENTS UK LTD</Nm><PstlAdr><AdrLine>9TH FLOOR, 107 CHEAPSIDE GB - LONDO</AdrLine><AdrLine>N EC2V 6DN</AdrLine></PstlAdr></Dbtr><DbtrAcct><Id><IBAN>DK6289000000010375</IBAN></Id></DbtrAcct><CdtrAcct><Id><IBAN>CH9209000000414939852</IBAN></Id></CdtrAcct></RltdPties><RltdAgts><DbtrAgt><FinInstnId><BICFI>CITIGB2LXXX</BICFI><Nm>CITIBANK N.A.</Nm><PstlAdr><AdrLine>CITIBANK CENTRE25 CANADA SQUARE</AdrLine><AdrLine>E14 5LB LONDON</AdrLine></PstlAdr></FinInstnId></DbtrAgt></RltdAgts><RmtInf><Ustrd>STRIPE Z3H5Z1</Ustrd><Strd><AddtlRmtInf>?REJECT?000</AddtlRmtInf><AddtlRmtInf>?ERROR?000</AddtlRmtInf></Strd></RmtInf><RltdDts><AccptncDtTm>2022-11-07T20:00:00</AccptncDtTm></RltdDts></TxDtls></NtryDtls><AddtlNtryInf>GUTSCHRIFT AUFTRAGGEBER: STRIPE PAYMENTS UK LTD 9TH FLOOR, 107 CHEAPSIDE GB - LONDO N EC2V 6DN MITTEILUNGEN: STRIPE Z3H5Z1 SPESENBETRAG 0.00 CHF SHA REFERENZEN: NOTPROVIDED LON03259293108 221107CH09FQKZWT</AddtlNtryInf></Ntry><Ntry><NtryRef>CH9209000000414939852</NtryRef><Amt Ccy="CHF">117.29</Amt><CdtDbtInd>CRDT</CdtDbtInd><RvslInd>false</RvslInd><Sts>BOOK</Sts><BookgDt><Dt>2022-11-07</Dt></BookgDt><ValDt><Dt>2022-11-07</Dt></ValDt><AcctSvcrRef>311220109FSB0QAK</AcctSvcrRef><BkTxCd><Domn><Cd>PMNT</Cd><Fmly><Cd>RCDT</Cd><SubFmlyCd>ATXN</SubFmlyCd></Fmly></Domn></BkTxCd><NtryDtls><Btch><NbOfTxs>1</NbOfTxs></Btch><TxDtls><Refs><AcctSvcrRef>221107CH09FSB0QA</AcctSvcrRef><InstrId>9901811E66595056</InstrId><EndToEndId>CONCA00000004614</EndToEndId><Prtry><Tp>00</Tp><Ref>221107CH09FSB0QA</Ref></Prtry></Refs><Amt Ccy="CHF">117.29</Amt><CdtDbtInd>CRDT</CdtDbtInd><BkTxCd><Domn><Cd>PMNT</Cd><Fmly><Cd>RCDT</Cd><SubFmlyCd>ATXN</SubFmlyCd></Fmly></Domn></BkTxCd><RltdPties><Dbtr><Nm>CONCARDIS GMBH</Nm><PstlAdr><AdrLine>HELFMANN PARK 7 DE 65760 ESCHBORN</AdrLine></PstlAdr></Dbtr><DbtrAcct><Id><IBAN>CH830023023065770601M</IBAN></Id></DbtrAcct><CdtrAcct><Id><IBAN>CH9209000000414939852</IBAN></Id></CdtrAcct></RltdPties><RltdAgts><DbtrAgt><FinInstnId><ClrSysMmbId><MmbId>230</MmbId></ClrSysMmbId><Nm>UBS Switzerland AG</Nm><PstlAdr><AdrLine>Bahnhofstrasse 45</AdrLine><AdrLine>8098 Zürich</AdrLine></PstlAdr></FinInstnId></DbtrAgt></RltdAgts><RmtInf><Ustrd>/ROC/CONCA00000004614 MC:DAT26.10.2</Ustrd><Ustrd>2:ZAHL-NR000025: BRUTTO119,03:KOM1,</Ustrd><Ustrd>74:VP156589338: FIL:TRX3 </Ustrd><Strd><AddtlRmtInf>?REJECT?000</AddtlRmtInf><AddtlRmtInf>?ERROR?000</AddtlRmtInf></Strd></RmtInf><RltdDts><AccptncDtTm>2022-11-07T20:00:00</AccptncDtTm></RltdDts></TxDtls></NtryDtls><AddtlNtryInf>GUTSCHRIFT AUFTRAGGEBER: CONCARDIS GMBH HELFMANN PARK 7 DE 65760 ESCHBORN MITTEILUNGEN: /ROC/CONCA00000004614 MC:DAT26.10.2 2:ZAHL-NR000025: BRUTTO119,03:KOM1, 74:VP156589338: FIL:TRX3  SPESENBETRAG 0.00 CHF SHA REFERENZEN: CONCA00000004614 9901811E66595056 221107CH09FSB0QA</AddtlNtryInf></Ntry><Ntry><NtryRef>CH9209000000414939852</NtryRef><Amt Ccy="CHF">169.09</Amt><CdtDbtInd>CRDT</CdtDbtInd><RvslInd>false</RvslInd><Sts>BOOK</Sts><BookgDt><Dt>2022-11-07</Dt></BookgDt><ValDt><Dt>2022-11-07</Dt></ValDt><AcctSvcrRef>311220109FSB1L3K</AcctSvcrRef><BkTxCd><Domn><Cd>PMNT</Cd><Fmly><Cd>RCDT</Cd><SubFmlyCd>ATXN</SubFmlyCd></Fmly></Domn></BkTxCd><NtryDtls><Btch><NbOfTxs>1</NbOfTxs></Btch><TxDtls><Refs><AcctSvcrRef>221107CH09FSB1L3</AcctSvcrRef><InstrId>9901811E66595057</InstrId><EndToEndId>CONCA00000004615</EndToEndId><Prtry><Tp>00</Tp><Ref>221107CH09FSB1L3</Ref></Prtry></Refs><Amt Ccy="CHF">169.09</Amt><CdtDbtInd>CRDT</CdtDbtInd><BkTxCd><Domn><Cd>PMNT</Cd><Fmly><Cd>RCDT</Cd><SubFmlyCd>ATXN</SubFmlyCd></Fmly></Domn></BkTxCd><RltdPties><Dbtr><Nm>CONCARDIS GMBH</Nm><PstlAdr><AdrLine>HELFMANN PARK 7 DE 65760 ESCHBORN</AdrLine></PstlAdr></Dbtr><DbtrAcct><Id><IBAN>CH830023023065770601M</IBAN></Id></DbtrAcct><CdtrAcct><Id><IBAN>CH9209000000414939852</IBAN></Id></CdtrAcct></RltdPties><RltdAgts><DbtrAgt><FinInstnId><ClrSysMmbId><MmbId>230</MmbId></ClrSysMmbId><Nm>UBS Switzerland AG</Nm><PstlAdr><AdrLine>Bahnhofstrasse 45</AdrLine><AdrLine>8098 Zürich</AdrLine></PstlAdr></FinInstnId></DbtrAgt></RltdAgts><RmtInf><Ustrd>/ROC/CONCA00000004615 VI:DAT26.10.2</Ustrd><Ustrd>2:ZAHL-NR000026: BRUTTO171,49:KOM2,</Ustrd><Ustrd>40:VP146589330: FIL:TRX3 </Ustrd><Strd><AddtlRmtInf>?REJECT?000</AddtlRmtInf><AddtlRmtInf>?ERROR?000</AddtlRmtInf></Strd></RmtInf><RltdDts><AccptncDtTm>2022-11-07T20:00:00</AccptncDtTm></RltdDts></TxDtls></NtryDtls><AddtlNtryInf>GUTSCHRIFT AUFTRAGGEBER: CONCARDIS GMBH HELFMANN PARK 7 DE 65760 ESCHBORN MITTEILUNGEN: /ROC/CONCA00000004615 VI:DAT26.10.2 2:ZAHL-NR000026: BRUTTO171,49:KOM2, 40:VP146589330: FIL:TRX3  SPESENBETRAG 0.00 CHF SHA REFERENZEN: CONCA00000004615 9901811E66595057 221107CH09FSB1L3</AddtlNtryInf></Ntry><Ntry><NtryRef>CH9209000000414939852</NtryRef><Amt Ccy="CHF">60.19</Amt><CdtDbtInd>CRDT</CdtDbtInd><RvslInd>false</RvslInd><Sts>BOOK</Sts><BookgDt><Dt>2022-11-07</Dt></BookgDt><ValDt><Dt>2022-11-07</Dt></ValDt><AcctSvcrRef>311220109FSAVH9K</AcctSvcrRef><BkTxCd><Domn><Cd>PMNT</Cd><Fmly><Cd>RCDT</Cd><SubFmlyCd>ATXN</SubFmlyCd></Fmly></Domn></BkTxCd><NtryDtls><Btch><NbOfTxs>1</NbOfTxs></Btch><TxDtls><Refs><AcctSvcrRef>221107CH09FSAVH9</AcctSvcrRef><InstrId>9901811E66595053</InstrId><EndToEndId>CONCA00000004611</EndToEndId><Prtry><Tp>00</Tp><Ref>221107CH09FSAVH9</Ref></Prtry></Refs><Amt Ccy="CHF">60.19</Amt><CdtDbtInd>CRDT</CdtDbtInd><BkTxCd><Domn><Cd>PMNT</Cd><Fmly><Cd>RCDT</Cd><SubFmlyCd>ATXN</SubFmlyCd></Fmly></Domn></BkTxCd><RltdPties><Dbtr><Nm>CONCARDIS GMBH</Nm><PstlAdr><AdrLine>HELFMANN PARK 7 DE 65760 ESCHBORN</AdrLine></PstlAdr></Dbtr><DbtrAcct><Id><IBAN>CH830023023065770601M</IBAN></Id></DbtrAcct><CdtrAcct><Id><IBAN>CH9209000000414939852</IBAN></Id></CdtrAcct></RltdPties><RltdAgts><DbtrAgt><FinInstnId><ClrSysMmbId><MmbId>230</MmbId></ClrSysMmbId><Nm>UBS Switzerland AG</Nm><PstlAdr><AdrLine>Bahnhofstrasse 45</AdrLine><AdrLine>8098 Zürich</AdrLine></PstlAdr></FinInstnId></DbtrAgt></RltdAgts><RmtInf><Ustrd>/ROC/CONCA00000004611 VI:DAT26.10.2</Ustrd><Ustrd>2:ZAHL-NR000016: BRUTTO61,04:KOM0,8</Ustrd><Ustrd>5:VP146589281: FIL:TRX1 </Ustrd><Strd><AddtlRmtInf>?REJECT?000</AddtlRmtInf><AddtlRmtInf>?ERROR?000</AddtlRmtInf></Strd></RmtInf><RltdDts><AccptncDtTm>2022-11-07T20:00:00</AccptncDtTm></RltdDts></TxDtls></NtryDtls><AddtlNtryInf>GUTSCHRIFT AUFTRAGGEBER: CONCARDIS GMBH HELFMANN PARK 7 DE 65760 ESCHBORN MITTEILUNGEN: /ROC/CONCA00000004611 VI:DAT26.10.2 2:ZAHL-NR000016: BRUTTO61,04:KOM0,8 5:VP146589281: FIL:TRX1  SPESENBETRAG 0.00 CHF SHA REFERENZEN: CONCA00000004611 9901811E66595053 221107CH09FSAVH9</AddtlNtryInf></Ntry><Ntry><NtryRef>CH9209000000414939852</NtryRef><Amt Ccy="CHF">50.10</Amt><CdtDbtInd>CRDT</CdtDbtInd><RvslInd>false</RvslInd><Sts>BOOK</Sts><BookgDt><Dt>2022-11-07</Dt></BookgDt><ValDt><Dt>2022-11-07</Dt></ValDt><AcctSvcrRef>311220109FSAVODK</AcctSvcrRef><BkTxCd><Domn><Cd>PMNT</Cd><Fmly><Cd>RCDT</Cd><SubFmlyCd>ATXN</SubFmlyCd></Fmly></Domn></BkTxCd><NtryDtls><Btch><NbOfTxs>1</NbOfTxs></Btch><TxDtls><Refs><AcctSvcrRef>221107CH09FSAVOD</AcctSvcrRef><InstrId>9901811E66595058</InstrId><EndToEndId>CONCA00000004616</EndToEndId><Prtry><Tp>00</Tp><Ref>221107CH09FSAVOD</Ref></Prtry></Refs><Amt Ccy="CHF">50.10</Amt><CdtDbtInd>CRDT</CdtDbtInd><BkTxCd><Domn><Cd>PMNT</Cd><Fmly><Cd>RCDT</Cd><SubFmlyCd>ATXN</SubFmlyCd></Fmly></Domn></BkTxCd><RltdPties><Dbtr><Nm>CONCARDIS GMBH</Nm><PstlAdr><AdrLine>HELFMANN PARK 7 DE 65760 ESCHBORN</AdrLine></PstlAdr></Dbtr><DbtrAcct><Id><IBAN>CH830023023065770601M</IBAN></Id></DbtrAcct><CdtrAcct><Id><IBAN>CH9209000000414939852</IBAN></Id></CdtrAcct></RltdPties><RltdAgts><DbtrAgt><FinInstnId><ClrSysMmbId><MmbId>230</MmbId></ClrSysMmbId><Nm>UBS Switzerland AG</Nm><PstlAdr><AdrLine>Bahnhofstrasse 45</AdrLine><AdrLine>8098 Zürich</AdrLine></PstlAdr></FinInstnId></DbtrAgt></RltdAgts><RmtInf><Ustrd>/ROC/CONCA00000004616 MC:DAT26.10.2</Ustrd><Ustrd>2:ZAHL-NR000012: BRUTTO50,84:KOM0,7</Ustrd><Ustrd>4:VP156589388: FIL:TRX2 </Ustrd><Strd><AddtlRmtInf>?REJECT?000</AddtlRmtInf><AddtlRmtInf>?ERROR?000</AddtlRmtInf></Strd></RmtInf><RltdDts><AccptncDtTm>2022-11-07T20:00:00</AccptncDtTm></RltdDts></TxDtls></NtryDtls><AddtlNtryInf>GUTSCHRIFT AUFTRAGGEBER: CONCARDIS GMBH HELFMANN PARK 7 DE 65760 ESCHBORN MITTEILUNGEN: /ROC/CONCA00000004616 MC:DAT26.10.2 2:ZAHL-NR000012: BRUTTO50,84:KOM0,7 4:VP156589388: FIL:TRX2  SPESENBETRAG 0.00 CHF SHA REFERENZEN: CONCA00000004616 9901811E66595058 221107CH09FSAVOD</AddtlNtryInf></Ntry><Ntry><NtryRef>CH9209000000414939852</NtryRef><Amt Ccy="CHF">281.13</Amt><CdtDbtInd>CRDT</CdtDbtInd><RvslInd>false</RvslInd><Sts>BOOK</Sts><BookgDt><Dt>2022-11-07</Dt></BookgDt><ValDt><Dt>2022-11-07</Dt></ValDt><AcctSvcrRef>311220109FSAVQSK</AcctSvcrRef><BkTxCd><Domn><Cd>PMNT</Cd><Fmly><Cd>RCDT</Cd><SubFmlyCd>ATXN</SubFmlyCd></Fmly></Domn></BkTxCd><NtryDtls><Btch><NbOfTxs>1</NbOfTxs></Btch><TxDtls><Refs><AcctSvcrRef>221107CH09FSAVQS</AcctSvcrRef><InstrId>9901811E66595055</InstrId><EndToEndId>CONCA00000004613</EndToEndId><Prtry><Tp>00</Tp><Ref>221107CH09FSAVQS</Ref></Prtry></Refs><Amt Ccy="CHF">281.13</Amt><CdtDbtInd>CRDT</CdtDbtInd><BkTxCd><Domn><Cd>PMNT</Cd><Fmly><Cd>RCDT</Cd><SubFmlyCd>ATXN</SubFmlyCd></Fmly></Domn></BkTxCd><RltdPties><Dbtr><Nm>CONCARDIS GMBH</Nm><PstlAdr><AdrLine>HELFMANN PARK 7 DE 65760 ESCHBORN</AdrLine></PstlAdr></Dbtr><DbtrAcct><Id><IBAN>CH830023023065770601M</IBAN></Id></DbtrAcct><CdtrAcct><Id><IBAN>CH9209000000414939852</IBAN></Id></CdtrAcct></RltdPties><RltdAgts><DbtrAgt><FinInstnId><ClrSysMmbId><MmbId>230</MmbId></ClrSysMmbId><Nm>UBS Switzerland AG</Nm><PstlAdr><AdrLine>Bahnhofstrasse 45</AdrLine><AdrLine>8098 Zürich</AdrLine></PstlAdr></FinInstnId></DbtrAgt></RltdAgts><RmtInf><Ustrd>/ROC/CONCA00000004613 VI:DAT26.10.2</Ustrd><Ustrd>2:ZAHL-NR000032: BRUTTO285,02:KOM3,</Ustrd><Ustrd>89:VP146589314: FIL:TRX3 </Ustrd><Strd><AddtlRmtInf>?REJECT?000</AddtlRmtInf><AddtlRmtInf>?ERROR?000</AddtlRmtInf></Strd></RmtInf><RltdDts><AccptncDtTm>2022-11-07T20:00:00</AccptncDtTm></RltdDts></TxDtls></NtryDtls><AddtlNtryInf>GUTSCHRIFT AUFTRAGGEBER: CONCARDIS GMBH HELFMANN PARK 7 DE 65760 ESCHBORN MITTEILUNGEN: /ROC/CONCA00000004613 VI:DAT26.10.2 2:ZAHL-NR000032: BRUTTO285,02:KOM3, 89:VP146589314: FIL:TRX3  SPESENBETRAG 0.00 CHF SHA REFERENZEN: CONCA00000004613 9901811E66595055 221107CH09FSAVQS</AddtlNtryInf></Ntry><Ntry><NtryRef>CH9209000000414939852</NtryRef><Amt Ccy="CHF">571.69</Amt><CdtDbtInd>CRDT</CdtDbtInd><RvslInd>false</RvslInd><Sts>BOOK</Sts><BookgDt><Dt>2022-11-07</Dt></BookgDt><ValDt><Dt>2022-11-07</Dt></ValDt><AcctSvcrRef>311220109FSAYF3K</AcctSvcrRef><BkTxCd><Domn><Cd>PMNT</Cd><Fmly><Cd>RCDT</Cd><SubFmlyCd>ATXN</SubFmlyCd></Fmly></Domn></BkTxCd><NtryDtls><Btch><NbOfTxs>1</NbOfTxs></Btch><TxDtls><Refs><AcctSvcrRef>221107CH09FSAYF3</AcctSvcrRef><InstrId>9901811E66595054</InstrId><EndToEndId>CONCA00000004612</EndToEndId><Prtry><Tp>00</Tp><Ref>221107CH09FSAYF3</Ref></Prtry></Refs><Amt Ccy="CHF">571.69</Amt><CdtDbtInd>CRDT</CdtDbtInd><BkTxCd><Domn><Cd>PMNT</Cd><Fmly><Cd>RCDT</Cd><SubFmlyCd>ATXN</SubFmlyCd></Fmly></Domn></BkTxCd><RltdPties><Dbtr><Nm>CONCARDIS GMBH</Nm><PstlAdr><AdrLine>HELFMANN PARK 7 DE 65760 ESCHBORN</AdrLine></PstlAdr></Dbtr><DbtrAcct><Id><IBAN>CH830023023065770601M</IBAN></Id></DbtrAcct><CdtrAcct><Id><IBAN>CH9209000000414939852</IBAN></Id></CdtrAcct></RltdPties><RltdAgts><DbtrAgt><FinInstnId><ClrSysMmbId><MmbId>230</MmbId></ClrSysMmbId><Nm>UBS Switzerland AG</Nm><PstlAdr><AdrLine>Bahnhofstrasse 45</AdrLine><AdrLine>8098 Zürich</AdrLine></PstlAdr></FinInstnId></DbtrAgt></RltdAgts><RmtInf><Ustrd>/ROC/CONCA00000004612 MC:DAT26.10.2</Ustrd><Ustrd>2:ZAHL-NR000031: BRUTTO580,02:KOM8,</Ustrd><Ustrd>33:VP156589312: FIL:TRX7 </Ustrd><Strd><AddtlRmtInf>?REJECT?000</AddtlRmtInf><AddtlRmtInf>?ERROR?000</AddtlRmtInf></Strd></RmtInf><RltdDts><AccptncDtTm>2022-11-07T20:00:00</AccptncDtTm></RltdDts></TxDtls></NtryDtls><AddtlNtryInf>GUTSCHRIFT AUFTRAGGEBER: CONCARDIS GMBH HELFMANN PARK 7 DE 65760 ESCHBORN MITTEILUNGEN: /ROC/CONCA00000004612 MC:DAT26.10.2 2:ZAHL-NR000031: BRUTTO580,02:KOM8, 33:VP156589312: FIL:TRX7  SPESENBETRAG 0.00 CHF SHA REFERENZEN: CONCA00000004612 9901811E66595054 221107CH09FSAYF3</AddtlNtryInf></Ntry><Ntry><NtryRef>CH9209000000414939852</NtryRef><Amt Ccy="CHF">191.40</Amt><CdtDbtInd>CRDT</CdtDbtInd><RvslInd>false</RvslInd><Sts>BOOK</Sts><BookgDt><Dt>2022-11-07</Dt></BookgDt><ValDt><Dt>2022-11-07</Dt></ValDt><AcctSvcrRef>311220109FTMWHSK</AcctSvcrRef><BkTxCd><Domn><Cd>PMNT</Cd><Fmly><Cd>RCDT</Cd><SubFmlyCd>ATXN</SubFmlyCd></Fmly></Domn></BkTxCd><NtryDtls><Btch><NbOfTxs>1</NbOfTxs></Btch><TxDtls><Refs><AcctSvcrRef>221107CH09FTMWHS</AcctSvcrRef><InstrId>231186292940001</InstrId><EndToEndId>NOTPROVIDED</EndToEndId><Prtry><Tp>00</Tp><Ref>221107CH09FTMWHS</Ref></Prtry></Refs><Amt Ccy="CHF">191.40</Amt><CdtDbtInd>CRDT</CdtDbtInd><BkTxCd><Domn><Cd>PMNT</Cd><Fmly><Cd>RCDT</Cd><SubFmlyCd>ATXN</SubFmlyCd></Fmly></Domn></BkTxCd><RltdPties><Dbtr><Nm>Linda Frick</Nm><PstlAdr><StrtNm>Bahnhofstr.</StrtNm><BldgNb>19</BldgNb><PstCd>8330</PstCd><TwnNm>Pfaeffikon ZH</TwnNm><Ctry>CH</Ctry></PstlAdr></Dbtr><DbtrAcct><Id><IBAN>CH3700700110004604050</IBAN></Id></DbtrAcct><CdtrAcct><Id><IBAN>CH9209000000414939852</IBAN></Id></CdtrAcct></RltdPties><RltdAgts><DbtrAgt><FinInstnId><ClrSysMmbId><MmbId>700</MmbId></ClrSysMmbId><Nm>Zürcher Kantonalbank</Nm><PstlAdr><AdrLine>8010 Zürich</AdrLine></PstlAdr></FinInstnId></DbtrAgt></RltdAgts><RmtInf><Strd><AddtlRmtInf>?REJECT?000</AddtlRmtInf><AddtlRmtInf>?ERROR?000</AddtlRmtInf></Strd></RmtInf><RltdDts><AccptncDtTm>2022-11-07T20:00:00</AccptncDtTm></RltdDts></TxDtls></NtryDtls><AddtlNtryInf>GUTSCHRIFT AUFTRAGGEBER: LINDA FRICK BAHNHOFSTR. 19 8330 PFAEFFIKON ZH REFERENZEN: NOTPROVIDED 231186292940001 221107CH09FTMWHS</AddtlNtryInf></Ntry><Ntry><NtryRef>CH4330000001414939852</NtryRef><Amt Ccy="CHF">11597.42</Amt><CdtDbtInd>CRDT</CdtDbtInd><RvslInd>false</RvslInd><Sts>BOOK</Sts><BookgDt><Dt>2022-11-07</Dt></BookgDt><ValDt><Dt>2022-11-07</Dt></ValDt><AcctSvcrRef>311220009FUJD19U</AcctSvcrRef><BkTxCd><Domn><Cd>PMNT</Cd><Fmly><Cd>RCDT</Cd><SubFmlyCd>VCOM</SubFmlyCd></Fmly></Domn></BkTxCd><Chrgs><TtlChrgsAndTaxAmt Ccy="CHF">2.35</TtlChrgsAndTaxAmt><Rcrd><Amt Ccy="CHF">2.35</Amt><CdtDbtInd>DBIT</CdtDbtInd><ChrgInclInd>false</ChrgInclInd><Tp><Prtry><Id>2</Id></Prtry></Tp></Rcrd></Chrgs><NtryDtls><TxDtls><Refs><AcctSvcrRef>311220009FUJD19U</AcctSvcrRef></Refs><Amt Ccy="CHF">11597.42</Amt><CdtDbtInd>CRDT</CdtDbtInd></TxDtls></NtryDtls><AddtlNtryInf>SAMMELGUTSCHRIFT FÜR KONTO: CH4330000001414939852 VERARBEITUNG VOM 07.11.2022 PAKET ID: 221107CH00000915</AddtlNtryInf></Ntry><Ntry><NtryRef>CH9530000002414939852</NtryRef><Amt Ccy="CHF">295.20</Amt><CdtDbtInd>CRDT</CdtDbtInd><RvslInd>false</RvslInd><Sts>BOOK</Sts><BookgDt><Dt>2022-11-07</Dt></BookgDt><ValDt><Dt>2022-11-07</Dt></ValDt><AcctSvcrRef>311220009FUJ8SQU</AcctSvcrRef><BkTxCd><Domn><Cd>PMNT</Cd><Fmly><Cd>RCDT</Cd><SubFmlyCd>VCOM</SubFmlyCd></Fmly></Domn></BkTxCd><NtryDtls><TxDtls><Refs><AcctSvcrRef>311220009FUJ8SQU</AcctSvcrRef></Refs><Amt Ccy="CHF">295.20</Amt><CdtDbtInd>CRDT</CdtDbtInd></TxDtls></NtryDtls><AddtlNtryInf>SAMMELGUTSCHRIFT FÜR KONTO: CH9530000002414939852 VERARBEITUNG VOM 07.11.2022 PAKET ID: 221107CH00000F2Q</AddtlNtryInf></Ntry><Ntry><Amt Ccy="CHF">59.90</Amt><CdtDbtInd>CRDT</CdtDbtInd><RvslInd>false</RvslInd><Sts>BOOK</Sts><BookgDt><Dt>2022-11-07</Dt></BookgDt><ValDt><Dt>2022-11-07</Dt></ValDt><AcctSvcrRef>3112400311357703</AcctSvcrRef><BkTxCd><Domn><Cd>PMNT</Cd><Fmly><Cd>MCRD</Cd><SubFmlyCd>POSP</SubFmlyCd></Fmly></Domn></BkTxCd><NtryDtls><TxDtls><Refs><AcctSvcrRef>3112400311357703</AcctSvcrRef></Refs><Amt Ccy="CHF">59.90</Amt><CdtDbtInd>CRDT</CdtDbtInd></TxDtls></NtryDtls><AddtlNtryInf>GUTSCHRIFT E-PAYMENT-TRANSAKTIONEN POSTFINANCE CARD EINLIEFERUNG VOM 06.11.2022 EVERSMART PRODUCTS HANDELS GMBH PFAQ08UD0000001 WWW.AUGENGOLD.CH</AddtlNtryInf></Ntry><Ntry><Amt Ccy="CHF">215.80</Amt><CdtDbtInd>CRDT</CdtDbtInd><RvslInd>false</RvslInd><Sts>BOOK</Sts><BookgDt><Dt>2022-11-07</Dt></BookgDt><ValDt><Dt>2022-11-07</Dt></ValDt><AcctSvcrRef>3112400311357754</AcctSvcrRef><BkTxCd><Domn><Cd>PMNT</Cd><Fmly><Cd>MCRD</Cd><SubFmlyCd>POSP</SubFmlyCd></Fmly></Domn></BkTxCd><NtryDtls><TxDtls><Refs><AcctSvcrRef>3112400311357754</AcctSvcrRef></Refs><Amt Ccy="CHF">215.80</Amt><CdtDbtInd>CRDT</CdtDbtInd></TxDtls></NtryDtls><AddtlNtryInf>GUTSCHRIFT E-PAYMENT-TRANSAKTIONEN POSTFINANCE CARD EINLIEFERUNG VOM 06.11.2022 EVERSMART PRODUCTS HANDELS GMBH PFAQ08RZ0000001 WWW.HAPPYSMELL.CH</AddtlNtryInf></Ntry><Ntry><Amt Ccy="CHF">85.40</Amt><CdtDbtInd>CRDT</CdtDbtInd><RvslInd>false</RvslInd><Sts>BOOK</Sts><BookgDt><Dt>2022-11-07</Dt></BookgDt><ValDt><Dt>2022-11-07</Dt></ValDt><AcctSvcrRef>3112400311357763</AcctSvcrRef><BkTxCd><Domn><Cd>PMNT</Cd><Fmly><Cd>MCRD</Cd><SubFmlyCd>POSP</SubFmlyCd></Fmly></Domn></BkTxCd><NtryDtls><TxDtls><Refs><AcctSvcrRef>3112400311357763</AcctSvcrRef></Refs><Amt Ccy="CHF">85.40</Amt><CdtDbtInd>CRDT</CdtDbtInd></TxDtls></NtryDtls><AddtlNtryInf>GUTSCHRIFT E-PAYMENT-TRANSAKTIONEN POSTFINANCE E-FINANCE EINLIEFERUNG VOM 06.11.2022 EVERSMART PRODUCTS HANDELS GMBH PFAQ08RZ0000001 WWW.HAPPYSMELL.CH</AddtlNtryInf></Ntry><Ntry><Amt Ccy="CHF">59.90</Amt><CdtDbtInd>CRDT</CdtDbtInd><RvslInd>false</RvslInd><Sts>BOOK</Sts><BookgDt><Dt>2022-11-07</Dt></BookgDt><ValDt><Dt>2022-11-07</Dt></ValDt><AcctSvcrRef>3112400311357773</AcctSvcrRef><BkTxCd><Domn><Cd>PMNT</Cd><Fmly><Cd>MCRD</Cd><SubFmlyCd>POSP</SubFmlyCd></Fmly></Domn></BkTxCd><NtryDtls><TxDtls><Refs><AcctSvcrRef>3112400311357773</AcctSvcrRef></Refs><Amt Ccy="CHF">59.90</Amt><CdtDbtInd>CRDT</CdtDbtInd></TxDtls></NtryDtls><AddtlNtryInf>GUTSCHRIFT E-PAYMENT-TRANSAKTIONEN POSTFINANCE CARD EINLIEFERUNG VOM 06.11.2022 EVERSMART PRODUCTS HANDELS GMBH PFAQ08TZ0000001 WWW.FIEBERCHECK.CH</AddtlNtryInf></Ntry><Ntry><Amt Ccy="CHF">49.90</Amt><CdtDbtInd>CRDT</CdtDbtInd><RvslInd>false</RvslInd><Sts>BOOK</Sts><BookgDt><Dt>2022-11-07</Dt></BookgDt><ValDt><Dt>2022-11-07</Dt></ValDt><AcctSvcrRef>3112400311357784</AcctSvcrRef><BkTxCd><Domn><Cd>PMNT</Cd><Fmly><Cd>MCRD</Cd><SubFmlyCd>POSP</SubFmlyCd></Fmly></Domn></BkTxCd><NtryDtls><TxDtls><Refs><AcctSvcrRef>3112400311357784</AcctSvcrRef></Refs><Amt Ccy="CHF">49.90</Amt><CdtDbtInd>CRDT</CdtDbtInd></TxDtls></NtryDtls><AddtlNtryInf>GUTSCHRIFT E-PAYMENT-TRANSAKTIONEN POSTFINANCE CARD EINLIEFERUNG VOM 06.11.2022 EVERSMART PRODUCTS HANDELS GMBH PFAQ08UA0000001 WWW.AIR-HALLUX.CH</AddtlNtryInf></Ntry><Ntry><Amt Ccy="CHF">79.90</Amt><CdtDbtInd>CRDT</CdtDbtInd><RvslInd>false</RvslInd><Sts>BOOK</Sts><BookgDt><Dt>2022-11-07</Dt></BookgDt><ValDt><Dt>2022-11-07</Dt></ValDt><AcctSvcrRef>3112400311357795</AcctSvcrRef><BkTxCd><Domn><Cd>PMNT</Cd><Fmly><Cd>MCRD</Cd><SubFmlyCd>POSP</SubFmlyCd></Fmly></Domn></BkTxCd><NtryDtls><TxDtls><Refs><AcctSvcrRef>3112400311357795</AcctSvcrRef></Refs><Amt Ccy="CHF">79.90</Amt><CdtDbtInd>CRDT</CdtDbtInd></TxDtls></NtryDtls><AddtlNtryInf>GUTSCHRIFT E-PAYMENT-TRANSAKTIONEN POSTFINANCE CARD EINLIEFERUNG VOM 06.11.2022 EVERSMART PRODUCTS HANDELS GMBH PFAQ08UA0000001 WWW.AIR-HALLUX.CH</AddtlNtryInf></Ntry></Stmt></BkToCstmrStmt></Document>
