<?xml version="1.0" encoding="UTF-8"?>
<Document xmlns="urn:iso:std:iso:20022:tech:xsd:camt.053.001.04" xmlns:xsi="http://www.w3.org/2001/XMLSchema-instance" xsi:schemaLocation="urn:iso:std:iso:20022:tech:xsd:camt.053.001.04 camt.053.001.04.xsd"><BkToCstmrStmt><GrpHdr><MsgId>20221026375204959180093</MsgId><CreDtTm>2022-10-27T01:35:25</CreDtTm><MsgPgntn><PgNb>1</PgNb><LastPgInd>true</LastPgInd></MsgPgntn><AddtlInf>SPS/1.7/PROD</AddtlInf></GrpHdr><Stmt><Id>20221026375204959180096</Id><ElctrncSeqNb>210</ElctrncSeqNb><CreDtTm>2022-10-27T01:35:25</CreDtTm><FrToDt><FrDtTm>2022-10-26T00:00:00</FrDtTm><ToDtTm>2022-10-26T23:59:59</ToDtTm></FrToDt><Acct><Id><IBAN>CH9209000000414939852</IBAN></Id><Ownr><Nm>eversmart products Handels GmbH Pfäffikon SZ</Nm></Ownr></Acct><Bal><Tp><CdOrPrtry><Cd>OPBD</Cd></CdOrPrtry></Tp><Amt Ccy="CHF">82356.40</Amt><CdtDbtInd>CRDT</CdtDbtInd><Dt><Dt>2022-10-26</Dt></Dt></Bal><Bal><Tp><CdOrPrtry><Cd>CLBD</Cd></CdOrPrtry></Tp><Amt Ccy="CHF">95282.08</Amt><CdtDbtInd>CRDT</CdtDbtInd><Dt><Dt>2022-10-26</Dt></Dt></Bal><Bal><Tp><CdOrPrtry><Cd>CLAV</Cd></CdOrPrtry></Tp><Amt Ccy="CHF">95282.08</Amt><CdtDbtInd>CRDT</CdtDbtInd><Dt><Dt>2022-10-26</Dt></Dt></Bal><Ntry><Amt Ccy="CHF">445.90</Amt><CdtDbtInd>DBIT</CdtDbtInd><RvslInd>false</RvslInd><Sts>BOOK</Sts><BookgDt><Dt>2022-10-26</Dt></BookgDt><ValDt><Dt>2022-10-26</Dt></ValDt><AcctSvcrRef>299220009AC57OBK</AcctSvcrRef><BkTxCd><Domn><Cd>PMNT</Cd><Fmly><Cd>ICDT</Cd><SubFmlyCd>DMCT</SubFmlyCd></Fmly></Domn></BkTxCd><NtryDtls><TxDtls><Refs><AcctSvcrRef>25-671479944-1</AcctSvcrRef><PmtInfId>25:671479944</PmtInfId><InstrId>20221003000800607337992</InstrId></Refs><Amt Ccy="CHF">445.90</Amt><CdtDbtInd>DBIT</CdtDbtInd><BkTxCd><Domn><Cd>PMNT</Cd><Fmly><Cd>ICDT</Cd><SubFmlyCd>DMCT</SubFmlyCd></Fmly></Domn></BkTxCd><RltdPties><Cdtr><Nm>MEDEWO AG</Nm><PstlAdr><Ctry>CH</Ctry></PstlAdr></Cdtr><CdtrAcct><Id><IBAN>CH2330005231472324520</IBAN></Id></CdtrAcct></RltdPties><RltdAgts><CdtrAgt><FinInstnId><BICFI>UBSWCHZH80A</BICFI><Nm>UBS Switzerland AG</Nm><PstlAdr><Ctry>CH</Ctry><AdrLine>Bahnhofstrasse 45 8098 Zürich</AdrLine></PstlAdr></FinInstnId></CdtrAgt></RltdAgts><RmtInf><Strd><CdtrRefInf><Tp><CdOrPrtry><Prtry>QRR</Prtry></CdOrPrtry></Tp><Ref>282062000202235598002408390</Ref></CdtrRefInf><AddtlRmtInf>MEDEWO</AddtlRmtInf></Strd></RmtInf></TxDtls></NtryDtls><AddtlNtryInf>LASTSCHRIFT UBS SWITZERLAND AG BAHNHOFSTRASSE 45 8098 ZÜRICH CH2330005231472324520 MEDEWO AG SENDER REFERENZ: MEDEWO 20221003000800607337992</AddtlNtryInf></Ntry><Ntry><NtryRef>CH9209000000414939852</NtryRef><Amt Ccy="CHF">30.30</Amt><CdtDbtInd>CRDT</CdtDbtInd><RvslInd>false</RvslInd><Sts>BOOK</Sts><BookgDt><Dt>2022-10-26</Dt></BookgDt><ValDt><Dt>2022-10-26</Dt></ValDt><AcctSvcrRef>299220109DNVCL0K</AcctSvcrRef><BkTxCd><Domn><Cd>PMNT</Cd><Fmly><Cd>RCDT</Cd><SubFmlyCd>ATXN</SubFmlyCd></Fmly></Domn></BkTxCd><NtryDtls><Btch><NbOfTxs>1</NbOfTxs></Btch><TxDtls><Refs><AcctSvcrRef>221026CH09DNVCL0</AcctSvcrRef><InstrId>DNU2221025C25914</InstrId><EndToEndId>SP-63133588-0</EndToEndId><Prtry><Tp>00</Tp><Ref>221026CH09DNVCL0</Ref></Prtry></Refs><Amt Ccy="CHF">30.30</Amt><CdtDbtInd>CRDT</CdtDbtInd><BkTxCd><Domn><Cd>PMNT</Cd><Fmly><Cd>RCDT</Cd><SubFmlyCd>ATXN</SubFmlyCd></Fmly></Domn></BkTxCd><RltdPties><Dbtr><Nm>Patrick Heggli</Nm><PstlAdr><StrtNm>Kirchstrasse</StrtNm><BldgNb>29</BldgNb><PstCd>8957</PstCd><TwnNm>Spreitenbach</TwnNm><Ctry>CH</Ctry></PstlAdr></Dbtr><DbtrAcct><Id><IBAN>CH8804835124900550000</IBAN></Id></DbtrAcct><CdtrAcct><Id><IBAN>CH9209000000414939852</IBAN></Id></CdtrAcct></RltdPties><RltdAgts><DbtrAgt><FinInstnId><ClrSysMmbId><MmbId>4835</MmbId></ClrSysMmbId><Nm>Credit Suisse (Schweiz) AG</Nm><PstlAdr><AdrLine>Paradeplatz 8</AdrLine><AdrLine>8070 Zürich</AdrLine></PstlAdr></FinInstnId></DbtrAgt></RltdAgts><RmtInf><Ustrd>RE-95371</Ustrd><Strd><AddtlRmtInf>?REJECT?0</AddtlRmtInf><AddtlRmtInf>?ERROR?000</AddtlRmtInf></Strd></RmtInf><RltdDts><AccptncDtTm>2022-10-26T20:00:00</AccptncDtTm></RltdDts></TxDtls></NtryDtls><AddtlNtryInf>GUTSCHRIFT AUFTRAGGEBER: PATRICK HEGGLI KIRCHSTRASSE 29 8957 SPREITENBACH MITTEILUNGEN: RE-95371 SPESENBETRAG 0.00 CHF SHA REFERENZEN: SP-63133588-0 DNU2221025C25914 221026CH09DNVCL0</AddtlNtryInf></Ntry><Ntry><NtryRef>CH9209000000414939852</NtryRef><Amt Ccy="CHF">1796.00</Amt><CdtDbtInd>CRDT</CdtDbtInd><RvslInd>false</RvslInd><Sts>BOOK</Sts><BookgDt><Dt>2022-10-26</Dt></BookgDt><ValDt><Dt>2022-10-26</Dt></ValDt><AcctSvcrRef>299220009DJTNY5K</AcctSvcrRef><BkTxCd><Domn><Cd>PMNT</Cd><Fmly><Cd>RCDT</Cd><SubFmlyCd>AUTT</SubFmlyCd></Fmly></Domn></BkTxCd><NtryDtls><Btch><NbOfTxs>1</NbOfTxs></Btch><TxDtls><Refs><MsgId>PAY/4121</MsgId><AcctSvcrRef>221025CH09DJTNY5</AcctSvcrRef><PmtInfId>00001</PmtInfId><InstrId>682138940-1-49</InstrId><EndToEndId>16672</EndToEndId><Prtry><Tp>00</Tp><Ref>221025CH09DJTNY5</Ref></Prtry></Refs><Amt Ccy="CHF">1796.00</Amt><CdtDbtInd>CRDT</CdtDbtInd><BkTxCd><Domn><Cd>PMNT</Cd><Fmly><Cd>RCDT</Cd><SubFmlyCd>AUTT</SubFmlyCd></Fmly></Domn></BkTxCd><RltdPties><Dbtr><Nm>Nolato Treff AG Degersheim</Nm><PstlAdr><StrtNm>Taastrasse</StrtNm><BldgNb>16</BldgNb><PstCd>9113</PstCd><TwnNm>Degersheim</TwnNm><Ctry>CH</Ctry></PstlAdr></Dbtr><DbtrAcct><Id><IBAN>CH8809000000900065345</IBAN></Id></DbtrAcct><CdtrAcct><Id><IBAN>CH9209000000414939852</IBAN></Id></CdtrAcct></RltdPties><RltdAgts><DbtrAgt><FinInstnId><BICFI>POFICHBEXXX</BICFI><Nm>POSTFINANCE AG</Nm><PstlAdr><AdrLine>MINGERSTRASSE 20</AdrLine><AdrLine>3030 BERN</AdrLine></PstlAdr></FinInstnId></DbtrAgt></RltdAgts><RmtInf><Ustrd>RE-93083 CHF 1'796.00</Ustrd><Strd><AddtlRmtInf>?REJECT?0</AddtlRmtInf><AddtlRmtInf>?ERROR?000</AddtlRmtInf></Strd></RmtInf><RltdDts><AccptncDtTm>2022-10-26T20:00:00</AccptncDtTm></RltdDts></TxDtls></NtryDtls><AddtlNtryInf>GUTSCHRIFT CH8809000000900065345 ABSENDER: NOLATO TREFF AG DEGERSHEIM TAASTRASSE 16 9113 DEGERSHEIM MITTEILUNGEN: RE-93083 CHF 1'796.00 REFERENZEN: 16672</AddtlNtryInf></Ntry><Ntry><NtryRef>CH9209000000414939852</NtryRef><Amt Ccy="CHF">59.90</Amt><CdtDbtInd>CRDT</CdtDbtInd><RvslInd>false</RvslInd><Sts>BOOK</Sts><BookgDt><Dt>2022-10-26</Dt></BookgDt><ValDt><Dt>2022-10-26</Dt></ValDt><AcctSvcrRef>299220109DO4ZNTK</AcctSvcrRef><BkTxCd><Domn><Cd>PMNT</Cd><Fmly><Cd>RCDT</Cd><SubFmlyCd>ATXN</SubFmlyCd></Fmly></Domn></BkTxCd><NtryDtls><Btch><NbOfTxs>1</NbOfTxs></Btch><TxDtls><Refs><AcctSvcrRef>221026CH09DO4ZNT</AcctSvcrRef><InstrId>16993687003/6XXX</InstrId><EndToEndId>NOTPROVIDED</EndToEndId><Prtry><Tp>00</Tp><Ref>221026CH09DO4ZNT</Ref></Prtry></Refs><Amt Ccy="CHF">59.90</Amt><CdtDbtInd>CRDT</CdtDbtInd><BkTxCd><Domn><Cd>PMNT</Cd><Fmly><Cd>RCDT</Cd><SubFmlyCd>ATXN</SubFmlyCd></Fmly></Domn></BkTxCd><RltdPties><Dbtr><Nm>Rudolf Paul Gutknecht</Nm><PstlAdr><AdrLine>Blumenweg 2</AdrLine><AdrLine>5522 Taegerig</AdrLine></PstlAdr></Dbtr><DbtrAcct><Id><IBAN>CH3180808004117707164</IBAN></Id></DbtrAcct><CdtrAcct><Id><IBAN>CH9209000000414939852</IBAN></Id></CdtrAcct></RltdPties><RltdAgts><DbtrAgt><FinInstnId><ClrSysMmbId><MmbId>80736</MmbId></ClrSysMmbId><Nm>Raiffeisenbank Villmergen</Nm><PstlAdr><AdrLine>Dorfplatz 2</AdrLine><AdrLine>5612 Villmergen</AdrLine></PstlAdr></FinInstnId></DbtrAgt></RltdAgts><RmtInf><Strd><AddtlRmtInf>?REJECT?0</AddtlRmtInf><AddtlRmtInf>?ERROR?000</AddtlRmtInf></Strd></RmtInf><RltdDts><AccptncDtTm>2022-10-26T20:00:00</AccptncDtTm></RltdDts></TxDtls></NtryDtls><AddtlNtryInf>GUTSCHRIFT AUFTRAGGEBER: RUDOLF PAUL GUTKNECHT BLUMENWEG 2 5522 TAEGERIG REFERENZEN: NOTPROVIDED 16993687003/6XXX 221026CH09DO4ZNT</AddtlNtryInf></Ntry><Ntry><NtryRef>CH9209000000414939852</NtryRef><Amt Ccy="CHF">142.72</Amt><CdtDbtInd>CRDT</CdtDbtInd><RvslInd>false</RvslInd><Sts>BOOK</Sts><BookgDt><Dt>2022-10-26</Dt></BookgDt><ValDt><Dt>2022-10-26</Dt></ValDt><AcctSvcrRef>299220109DQILOPK</AcctSvcrRef><BkTxCd><Domn><Cd>PMNT</Cd><Fmly><Cd>RCDT</Cd><SubFmlyCd>ATXN</SubFmlyCd></Fmly></Domn></BkTxCd><NtryDtls><Btch><NbOfTxs>1</NbOfTxs></Btch><TxDtls><Refs><AcctSvcrRef>221026CH09DQILOP</AcctSvcrRef><InstrId>LON03256852996</InstrId><EndToEndId>NOTPROVIDED</EndToEndId><Prtry><Tp>00</Tp><Ref>221026CH09DQILOP</Ref></Prtry></Refs><Amt Ccy="CHF">142.72</Amt><CdtDbtInd>CRDT</CdtDbtInd><BkTxCd><Domn><Cd>PMNT</Cd><Fmly><Cd>RCDT</Cd><SubFmlyCd>ATXN</SubFmlyCd></Fmly></Domn></BkTxCd><RltdPties><Dbtr><Nm>STRIPE PAYMENTS UK LTD</Nm><PstlAdr><AdrLine>9TH FLOOR, 107 CHEAPSIDE GB - LONDO</AdrLine><AdrLine>N EC2V 6DN</AdrLine></PstlAdr></Dbtr><DbtrAcct><Id><IBAN>DK6289000000010375</IBAN></Id></DbtrAcct><CdtrAcct><Id><IBAN>CH9209000000414939852</IBAN></Id></CdtrAcct></RltdPties><RltdAgts><DbtrAgt><FinInstnId><BICFI>CITIGB2LXXX</BICFI><Nm>CITIBANK N.A.</Nm><PstlAdr><AdrLine>CITIBANK CENTRE25 CANADA SQUARE</AdrLine><AdrLine>E14 5LB LONDON</AdrLine></PstlAdr></FinInstnId></DbtrAgt></RltdAgts><RmtInf><Ustrd>STRIPE Z1J6C1</Ustrd><Strd><AddtlRmtInf>?REJECT?0</AddtlRmtInf><AddtlRmtInf>?ERROR?000</AddtlRmtInf></Strd></RmtInf><RltdDts><AccptncDtTm>2022-10-26T20:00:00</AccptncDtTm></RltdDts></TxDtls></NtryDtls><AddtlNtryInf>GUTSCHRIFT AUFTRAGGEBER: STRIPE PAYMENTS UK LTD 9TH FLOOR, 107 CHEAPSIDE GB - LONDO N EC2V 6DN MITTEILUNGEN: STRIPE Z1J6C1 SPESENBETRAG 0.00 CHF SHA REFERENZEN: NOTPROVIDED LON03256852996 221026CH09DQILOP</AddtlNtryInf></Ntry><Ntry><NtryRef>CH9209000000414939852</NtryRef><Amt Ccy="CHF">4372.09</Amt><CdtDbtInd>CRDT</CdtDbtInd><RvslInd>false</RvslInd><Sts>BOOK</Sts><BookgDt><Dt>2022-10-26</Dt></BookgDt><ValDt><Dt>2022-10-26</Dt></ValDt><AcctSvcrRef>299220009DG44PSK</AcctSvcrRef><BkTxCd><Domn><Cd>PMNT</Cd><Fmly><Cd>RCDT</Cd><SubFmlyCd>AUTT</SubFmlyCd></Fmly></Domn></BkTxCd><NtryDtls><Btch><NbOfTxs>1</NbOfTxs></Btch><TxDtls><Refs><MsgId>TWINT20221024-101-Merchant</MsgId><AcctSvcrRef>221025CH09DG44PS</AcctSvcrRef><PmtInfId>TWINT20221024-101-Merchant-B1</PmtInfId><InstrId>c90a1a712b3f4d30af8ee162eb6735db</InstrId><EndToEndId>TWINT20221024-101-Merchant-B1</EndToEndId><Prtry><Tp>00</Tp><Ref>221025CH09DG44PS</Ref></Prtry></Refs><Amt Ccy="CHF">4372.09</Amt><CdtDbtInd>CRDT</CdtDbtInd><BkTxCd><Domn><Cd>PMNT</Cd><Fmly><Cd>RCDT</Cd><SubFmlyCd>AUTT</SubFmlyCd></Fmly></Domn></BkTxCd><RltdPties><Dbtr><Nm>TWINT Acquiring AG</Nm><PstlAdr><StrtNm>Stauffacherstrasse</StrtNm><BldgNb>41</BldgNb><PstCd>8004</PstCd><TwnNm>Zürich</TwnNm><Ctry>CH</Ctry></PstlAdr></Dbtr><DbtrAcct><Id><IBAN>CH6609000000313087410</IBAN></Id></DbtrAcct><CdtrAcct><Id><IBAN>CH9209000000414939852</IBAN></Id></CdtrAcct></RltdPties><RltdAgts><DbtrAgt><FinInstnId><BICFI>POFICHBEXXX</BICFI><Nm>POSTFINANCE AG</Nm><PstlAdr><AdrLine>MINGERSTRASSE 20</AdrLine><AdrLine>3030 BERN</AdrLine></PstlAdr></FinInstnId></DbtrAgt></RltdAgts><RmtInf><Ustrd>999999 TWINT TWINT Auszahlungen Pay</Ustrd><Ustrd>out 20221025                       </Ustrd><Ustrd>   Gross: 4429.70 Fees: -57.61</Ustrd><Strd><AddtlRmtInf>?REJECT?0</AddtlRmtInf><AddtlRmtInf>?ERROR?000</AddtlRmtInf></Strd></RmtInf><RltdDts><AccptncDtTm>2022-10-26T20:00:00</AccptncDtTm></RltdDts></TxDtls></NtryDtls><AddtlNtryInf>GUTSCHRIFT CH6609000000313087410 ABSENDER: TWINT ACQUIRING AG STAUFFACHERSTRASSE 41 8004 ZÜRICH MITTEILUNGEN: 999999 TWINT TWINT AUSZAHLUNGEN PAY OUT 20221025                           GROSS: 4429.70 FEES: -57.61 REFERENZEN: TWINT20221024-101-MERCHANT-B1</AddtlNtryInf></Ntry><Ntry><NtryRef>CH4330000001414939852</NtryRef><Amt Ccy="CHF">6718.27</Amt><CdtDbtInd>CRDT</CdtDbtInd><RvslInd>false</RvslInd><Sts>BOOK</Sts><BookgDt><Dt>2022-10-26</Dt></BookgDt><ValDt><Dt>2022-10-26</Dt></ValDt><AcctSvcrRef>299220009DVBRR9U</AcctSvcrRef><BkTxCd><Domn><Cd>PMNT</Cd><Fmly><Cd>RCDT</Cd><SubFmlyCd>VCOM</SubFmlyCd></Fmly></Domn></BkTxCd><Chrgs><TtlChrgsAndTaxAmt Ccy="CHF">3.20</TtlChrgsAndTaxAmt><Rcrd><Amt Ccy="CHF">3.20</Amt><CdtDbtInd>DBIT</CdtDbtInd><ChrgInclInd>false</ChrgInclInd><Tp><Prtry><Id>2</Id></Prtry></Tp></Rcrd></Chrgs><NtryDtls><TxDtls><Refs><AcctSvcrRef>299220009DVBRR9U</AcctSvcrRef></Refs><Amt Ccy="CHF">6718.27</Amt><CdtDbtInd>CRDT</CdtDbtInd></TxDtls></NtryDtls><AddtlNtryInf>SAMMELGUTSCHRIFT FÜR KONTO: CH4330000001414939852 VERARBEITUNG VOM 26.10.2022 PAKET ID: 221026CH00000AX0</AddtlNtryInf></Ntry><Ntry><NtryRef>CH9530000002414939852</NtryRef><Amt Ccy="CHF">192.40</Amt><CdtDbtInd>CRDT</CdtDbtInd><RvslInd>false</RvslInd><Sts>BOOK</Sts><BookgDt><Dt>2022-10-26</Dt></BookgDt><ValDt><Dt>2022-10-26</Dt></ValDt><AcctSvcrRef>299220009DVDWHHU</AcctSvcrRef><BkTxCd><Domn><Cd>PMNT</Cd><Fmly><Cd>RCDT</Cd><SubFmlyCd>VCOM</SubFmlyCd></Fmly></Domn></BkTxCd><NtryDtls><TxDtls><Refs><AcctSvcrRef>299220009DVDWHHU</AcctSvcrRef></Refs><Amt Ccy="CHF">192.40</Amt><CdtDbtInd>CRDT</CdtDbtInd></TxDtls></NtryDtls><AddtlNtryInf>SAMMELGUTSCHRIFT FÜR KONTO: CH9530000002414939852 VERARBEITUNG VOM 26.10.2022 PAKET ID: 221026CH00000GK8</AddtlNtryInf></Ntry><Ntry><Amt Ccy="CHF">59.90</Amt><CdtDbtInd>CRDT</CdtDbtInd><RvslInd>false</RvslInd><Sts>BOOK</Sts><BookgDt><Dt>2022-10-26</Dt></BookgDt><ValDt><Dt>2022-10-26</Dt></ValDt><AcctSvcrRef>2992400290124370</AcctSvcrRef><BkTxCd><Domn><Cd>PMNT</Cd><Fmly><Cd>MCRD</Cd><SubFmlyCd>POSP</SubFmlyCd></Fmly></Domn></BkTxCd><NtryDtls><TxDtls><Refs><AcctSvcrRef>2992400290124370</AcctSvcrRef></Refs><Amt Ccy="CHF">59.90</Amt><CdtDbtInd>CRDT</CdtDbtInd></TxDtls></NtryDtls><AddtlNtryInf>GUTSCHRIFT E-PAYMENT-TRANSAKTIONEN POSTFINANCE CARD EINLIEFERUNG VOM 25.10.2022 EVERSMART PRODUCTS HANDELS GMBH PFAQ08TW0000001 HTTPS://WWW.SANACLIP.CH</AddtlNtryInf></Ntry></Stmt></BkToCstmrStmt></Document>
