<?xml version="1.0" encoding="UTF-8"?>
<Document xmlns="urn:iso:std:iso:20022:tech:xsd:camt.053.001.04" xmlns:xsi="http://www.w3.org/2001/XMLSchema-instance" xsi:schemaLocation="urn:iso:std:iso:20022:tech:xsd:camt.053.001.04 camt.053.001.04.xsd"><BkToCstmrStmt><GrpHdr><MsgId>20220802375204897197166</MsgId><CreDtTm>2022-08-03T01:59:31</CreDtTm><MsgPgntn><PgNb>1</PgNb><LastPgInd>true</LastPgInd></MsgPgntn><AddtlInf>SPS/1.7/PROD</AddtlInf></GrpHdr><Stmt><Id>20220802375204897197220</Id><ElctrncSeqNb>149</ElctrncSeqNb><CreDtTm>2022-08-03T01:59:31</CreDtTm><FrToDt><FrDtTm>2022-08-01T00:00:00</FrDtTm><ToDtTm>2022-08-02T23:59:59</ToDtTm></FrToDt><Acct><Id><IBAN>CH9209000000414939852</IBAN></Id><Ownr><Nm>eversmart products Handels GmbH Pfäffikon SZ</Nm></Ownr></Acct><Bal><Tp><CdOrPrtry><Cd>OPBD</Cd></CdOrPrtry></Tp><Amt Ccy="CHF">55783.79</Amt><CdtDbtInd>CRDT</CdtDbtInd><Dt><Dt>2022-08-01</Dt></Dt></Bal><Bal><Tp><CdOrPrtry><Cd>CLBD</Cd></CdOrPrtry></Tp><Amt Ccy="CHF">81017.24</Amt><CdtDbtInd>CRDT</CdtDbtInd><Dt><Dt>2022-08-02</Dt></Dt></Bal><Bal><Tp><CdOrPrtry><Cd>CLAV</Cd></CdOrPrtry></Tp><Amt Ccy="CHF">81017.24</Amt><CdtDbtInd>CRDT</CdtDbtInd><Dt><Dt>2022-08-02</Dt></Dt></Bal><Ntry><Amt Ccy="CHF">1098.00</Amt><CdtDbtInd>CRDT</CdtDbtInd><RvslInd>false</RvslInd><Sts>BOOK</Sts><BookgDt><Dt>2022-08-01</Dt></BookgDt><ValDt><Dt>2022-08-02</Dt></ValDt><AcctSvcrRef>2132400153129320</AcctSvcrRef><BkTxCd><Domn><Cd>PMNT</Cd><Fmly><Cd>MCRD</Cd><SubFmlyCd>POSP</SubFmlyCd></Fmly></Domn></BkTxCd><NtryDtls><TxDtls><Refs><AcctSvcrRef>2132400153129320</AcctSvcrRef></Refs><Amt Ccy="CHF">1098.00</Amt><CdtDbtInd>CRDT</CdtDbtInd></TxDtls></NtryDtls><AddtlNtryInf>GUTSCHRIFT E-PAYMENT-TRANSAKTIONEN POSTFINANCE E-FINANCE EINLIEFERUNG VOM 31.07.2022 eversmart products Handels GmbH PFAQ08TC0000001 www.mein-stehtisch.ch</AddtlNtryInf></Ntry><Ntry><Amt Ccy="CHF">1.56</Amt><CdtDbtInd>DBIT</CdtDbtInd><RvslInd>false</RvslInd><Sts>BOOK</Sts><BookgDt><Dt>2022-08-01</Dt></BookgDt><ValDt><Dt>2022-08-02</Dt></ValDt><AcctSvcrRef>2132400153704745</AcctSvcrRef><BkTxCd><Domn><Cd>PMNT</Cd><Fmly><Cd>CCRD</Cd><SubFmlyCd>CHRG</SubFmlyCd></Fmly></Domn></BkTxCd><NtryDtls><TxDtls><Refs><AcctSvcrRef>2132400153704745</AcctSvcrRef></Refs><Amt Ccy="CHF">1.56</Amt><CdtDbtInd>DBIT</CdtDbtInd></TxDtls></NtryDtls><AddtlNtryInf>PREIS FÜR E-PAYMENT POSTFINANCE CARD AB CHF 25.01 (EUR 17.01) www.dentabrux.ch ANZAHL TRANSAKTIONEN: 1 UMSATZ CHF 119.90 Juli 2022</AddtlNtryInf></Ntry><Ntry><Amt Ccy="CHF">1.30</Amt><CdtDbtInd>DBIT</CdtDbtInd><RvslInd>false</RvslInd><Sts>BOOK</Sts><BookgDt><Dt>2022-08-01</Dt></BookgDt><ValDt><Dt>2022-08-02</Dt></ValDt><AcctSvcrRef>2132400153709850</AcctSvcrRef><BkTxCd><Domn><Cd>PMNT</Cd><Fmly><Cd>CCRD</Cd><SubFmlyCd>CHRG</SubFmlyCd></Fmly></Domn></BkTxCd><NtryDtls><TxDtls><Refs><AcctSvcrRef>2132400153709850</AcctSvcrRef></Refs><Amt Ccy="CHF">1.30</Amt><CdtDbtInd>DBIT</CdtDbtInd></TxDtls></NtryDtls><AddtlNtryInf>PREIS FÜR E-PAYMENT POSTFINANCE CARD AB CHF 25.01 (EUR 17.01) www.fusspilz-entfernen.ch ANZAHL TRANSAKTIONEN: 1 UMSATZ CHF 99.90 Juli 2022</AddtlNtryInf></Ntry><Ntry><Amt Ccy="CHF">1.17</Amt><CdtDbtInd>DBIT</CdtDbtInd><RvslInd>false</RvslInd><Sts>BOOK</Sts><BookgDt><Dt>2022-08-01</Dt></BookgDt><ValDt><Dt>2022-08-02</Dt></ValDt><AcctSvcrRef>2132400153710702</AcctSvcrRef><BkTxCd><Domn><Cd>PMNT</Cd><Fmly><Cd>CCRD</Cd><SubFmlyCd>CHRG</SubFmlyCd></Fmly></Domn></BkTxCd><NtryDtls><TxDtls><Refs><AcctSvcrRef>2132400153710702</AcctSvcrRef></Refs><Amt Ccy="CHF">1.17</Amt><CdtDbtInd>DBIT</CdtDbtInd></TxDtls></NtryDtls><AddtlNtryInf>PREIS FÜR E-PAYMENT POSTFINANCE CARD AB CHF 25.01 (EUR 17.01) www.fersensporn-frei.ch ANZAHL TRANSAKTIONEN: 1 UMSATZ CHF 89.90 Juli 2022</AddtlNtryInf></Ntry><Ntry><Amt Ccy="CHF">5.17</Amt><CdtDbtInd>DBIT</CdtDbtInd><RvslInd>false</RvslInd><Sts>BOOK</Sts><BookgDt><Dt>2022-08-01</Dt></BookgDt><ValDt><Dt>2022-08-02</Dt></ValDt><AcctSvcrRef>2132400153709925</AcctSvcrRef><BkTxCd><Domn><Cd>PMNT</Cd><Fmly><Cd>CCRD</Cd><SubFmlyCd>CHRG</SubFmlyCd></Fmly></Domn></BkTxCd><NtryDtls><TxDtls><Refs><AcctSvcrRef>2132400153709925</AcctSvcrRef></Refs><Amt Ccy="CHF">5.17</Amt><CdtDbtInd>DBIT</CdtDbtInd></TxDtls></NtryDtls><AddtlNtryInf>PREIS FÜR E-PAYMENT POSTFINANCE E-FINANCE AB CHF 25.01 (EUR 17.01) https://massage-pistole-shop.ch ANZAHL TRANSAKTIONEN: 2 UMSATZ CHF 398.00 Juli 2022</AddtlNtryInf></Ntry><Ntry><Amt Ccy="CHF">4.94</Amt><CdtDbtInd>DBIT</CdtDbtInd><RvslInd>false</RvslInd><Sts>BOOK</Sts><BookgDt><Dt>2022-08-01</Dt></BookgDt><ValDt><Dt>2022-08-02</Dt></ValDt><AcctSvcrRef>2132400153713514</AcctSvcrRef><BkTxCd><Domn><Cd>PMNT</Cd><Fmly><Cd>CCRD</Cd><SubFmlyCd>CHRG</SubFmlyCd></Fmly></Domn></BkTxCd><NtryDtls><TxDtls><Refs><AcctSvcrRef>2132400153713514</AcctSvcrRef></Refs><Amt Ccy="CHF">4.94</Amt><CdtDbtInd>DBIT</CdtDbtInd></TxDtls></NtryDtls><AddtlNtryInf>PREIS FÜR E-PAYMENT POSTFINANCE CARD AB CHF 25.01 (EUR 17.01) www.der-fussexperte.ch ANZAHL TRANSAKTIONEN: 3 UMSATZ CHF 379.70 Juli 2022</AddtlNtryInf></Ntry><Ntry><Amt Ccy="CHF">1.04</Amt><CdtDbtInd>DBIT</CdtDbtInd><RvslInd>false</RvslInd><Sts>BOOK</Sts><BookgDt><Dt>2022-08-01</Dt></BookgDt><ValDt><Dt>2022-08-02</Dt></ValDt><AcctSvcrRef>2132400153713519</AcctSvcrRef><BkTxCd><Domn><Cd>PMNT</Cd><Fmly><Cd>CCRD</Cd><SubFmlyCd>CHRG</SubFmlyCd></Fmly></Domn></BkTxCd><NtryDtls><TxDtls><Refs><AcctSvcrRef>2132400153713519</AcctSvcrRef></Refs><Amt Ccy="CHF">1.04</Amt><CdtDbtInd>DBIT</CdtDbtInd></TxDtls></NtryDtls><AddtlNtryInf>PREIS FÜR E-PAYMENT POSTFINANCE CARD AB CHF 25.01 (EUR 17.01) www.air-hallux.ch ANZAHL TRANSAKTIONEN: 1 UMSATZ CHF 79.90 Juli 2022</AddtlNtryInf></Ntry><Ntry><Amt Ccy="CHF">1.56</Amt><CdtDbtInd>DBIT</CdtDbtInd><RvslInd>false</RvslInd><Sts>BOOK</Sts><BookgDt><Dt>2022-08-01</Dt></BookgDt><ValDt><Dt>2022-08-02</Dt></ValDt><AcctSvcrRef>2132400153713566</AcctSvcrRef><BkTxCd><Domn><Cd>PMNT</Cd><Fmly><Cd>CCRD</Cd><SubFmlyCd>CHRG</SubFmlyCd></Fmly></Domn></BkTxCd><NtryDtls><TxDtls><Refs><AcctSvcrRef>2132400153713566</AcctSvcrRef></Refs><Amt Ccy="CHF">1.56</Amt><CdtDbtInd>DBIT</CdtDbtInd></TxDtls></NtryDtls><AddtlNtryInf>PREIS FÜR E-PAYMENT POSTFINANCE CARD AB CHF 25.01 (EUR 17.01) www.loewenhaar.ch ANZAHL TRANSAKTIONEN: 2 UMSATZ CHF 119.80 Juli 2022</AddtlNtryInf></Ntry><Ntry><Amt Ccy="CHF">3.63</Amt><CdtDbtInd>DBIT</CdtDbtInd><RvslInd>false</RvslInd><Sts>BOOK</Sts><BookgDt><Dt>2022-08-01</Dt></BookgDt><ValDt><Dt>2022-08-02</Dt></ValDt><AcctSvcrRef>2132400153718771</AcctSvcrRef><BkTxCd><Domn><Cd>PMNT</Cd><Fmly><Cd>CCRD</Cd><SubFmlyCd>CHRG</SubFmlyCd></Fmly></Domn></BkTxCd><NtryDtls><TxDtls><Refs><AcctSvcrRef>2132400153718771</AcctSvcrRef></Refs><Amt Ccy="CHF">3.63</Amt><CdtDbtInd>DBIT</CdtDbtInd></TxDtls></NtryDtls><AddtlNtryInf>PREIS FÜR E-PAYMENT POSTFINANCE CARD AB CHF 25.01 (EUR 17.01) https://valgusmed.ch/ ANZAHL TRANSAKTIONEN: 4 UMSATZ CHF 279.60 Juli 2022</AddtlNtryInf></Ntry><Ntry><Amt Ccy="CHF">1.30</Amt><CdtDbtInd>DBIT</CdtDbtInd><RvslInd>false</RvslInd><Sts>BOOK</Sts><BookgDt><Dt>2022-08-01</Dt></BookgDt><ValDt><Dt>2022-08-02</Dt></ValDt><AcctSvcrRef>2132400153717689</AcctSvcrRef><BkTxCd><Domn><Cd>PMNT</Cd><Fmly><Cd>CCRD</Cd><SubFmlyCd>CHRG</SubFmlyCd></Fmly></Domn></BkTxCd><NtryDtls><TxDtls><Refs><AcctSvcrRef>2132400153717689</AcctSvcrRef></Refs><Amt Ccy="CHF">1.30</Amt><CdtDbtInd>DBIT</CdtDbtInd></TxDtls></NtryDtls><AddtlNtryInf>PREIS FÜR E-PAYMENT POSTFINANCE CARD AB CHF 25.01 (EUR 17.01) www.augengold.ch ANZAHL TRANSAKTIONEN: 1 UMSATZ CHF 99.90 Juli 2022</AddtlNtryInf></Ntry><Ntry><Amt Ccy="CHF">1.04</Amt><CdtDbtInd>DBIT</CdtDbtInd><RvslInd>false</RvslInd><Sts>BOOK</Sts><BookgDt><Dt>2022-08-01</Dt></BookgDt><ValDt><Dt>2022-08-02</Dt></ValDt><AcctSvcrRef>2132400153719786</AcctSvcrRef><BkTxCd><Domn><Cd>PMNT</Cd><Fmly><Cd>CCRD</Cd><SubFmlyCd>CHRG</SubFmlyCd></Fmly></Domn></BkTxCd><NtryDtls><TxDtls><Refs><AcctSvcrRef>2132400153719786</AcctSvcrRef></Refs><Amt Ccy="CHF">1.04</Amt><CdtDbtInd>DBIT</CdtDbtInd></TxDtls></NtryDtls><AddtlNtryInf>PREIS FÜR E-PAYMENT POSTFINANCE E-FINANCE AB CHF 25.01 (EUR 17.01) www.happysmell.ch ANZAHL TRANSAKTIONEN: 1 UMSATZ CHF 79.80 Juli 2022</AddtlNtryInf></Ntry><Ntry><Amt Ccy="CHF">1.14</Amt><CdtDbtInd>DBIT</CdtDbtInd><RvslInd>false</RvslInd><Sts>BOOK</Sts><BookgDt><Dt>2022-08-01</Dt></BookgDt><ValDt><Dt>2022-08-02</Dt></ValDt><AcctSvcrRef>2132400153720229</AcctSvcrRef><BkTxCd><Domn><Cd>PMNT</Cd><Fmly><Cd>CCRD</Cd><SubFmlyCd>CHRG</SubFmlyCd></Fmly></Domn></BkTxCd><NtryDtls><TxDtls><Refs><AcctSvcrRef>2132400153720229</AcctSvcrRef></Refs><Amt Ccy="CHF">1.14</Amt><CdtDbtInd>DBIT</CdtDbtInd></TxDtls></NtryDtls><AddtlNtryInf>PREIS FÜR E-PAYMENT POSTFINANCE CARD AB CHF 25.01 (EUR 17.01) www.happysmell.ch ANZAHL TRANSAKTIONEN: 2 UMSATZ CHF 87.80 Juli 2022</AddtlNtryInf></Ntry><Ntry><Amt Ccy="CHF">3.63</Amt><CdtDbtInd>DBIT</CdtDbtInd><RvslInd>false</RvslInd><Sts>BOOK</Sts><BookgDt><Dt>2022-08-01</Dt></BookgDt><ValDt><Dt>2022-08-02</Dt></ValDt><AcctSvcrRef>2132400153719570</AcctSvcrRef><BkTxCd><Domn><Cd>PMNT</Cd><Fmly><Cd>CCRD</Cd><SubFmlyCd>CHRG</SubFmlyCd></Fmly></Domn></BkTxCd><NtryDtls><TxDtls><Refs><AcctSvcrRef>2132400153719570</AcctSvcrRef></Refs><Amt Ccy="CHF">3.63</Amt><CdtDbtInd>DBIT</CdtDbtInd></TxDtls></NtryDtls><AddtlNtryInf>PREIS FÜR E-PAYMENT POSTFINANCE CARD AB CHF 25.01 (EUR 17.01) https://www.sanaclip.ch ANZAHL TRANSAKTIONEN: 4 UMSATZ CHF 279.60 Juli 2022</AddtlNtryInf></Ntry><Ntry><Amt Ccy="CHF">0.74</Amt><CdtDbtInd>DBIT</CdtDbtInd><RvslInd>false</RvslInd><Sts>BOOK</Sts><BookgDt><Dt>2022-08-01</Dt></BookgDt><ValDt><Dt>2022-08-02</Dt></ValDt><AcctSvcrRef>2132400153710348</AcctSvcrRef><BkTxCd><Domn><Cd>PMNT</Cd><Fmly><Cd>CCRD</Cd><SubFmlyCd>CHRG</SubFmlyCd></Fmly></Domn></BkTxCd><NtryDtls><TxDtls><Refs><AcctSvcrRef>2132400153710348</AcctSvcrRef></Refs><Amt Ccy="CHF">0.74</Amt><CdtDbtInd>DBIT</CdtDbtInd></TxDtls></NtryDtls><AddtlNtryInf>PREIS FÜR E-PAYMENT POSTFINANCE E-FINANCE AB CHF 25.01 (EUR 17.01) https://www.sanaclip.ch ANZAHL TRANSAKTIONEN: 1 UMSATZ CHF 56.90 Juli 2022</AddtlNtryInf></Ntry><Ntry><Amt Ccy="CHF">1.30</Amt><CdtDbtInd>DBIT</CdtDbtInd><RvslInd>false</RvslInd><Sts>BOOK</Sts><BookgDt><Dt>2022-08-01</Dt></BookgDt><ValDt><Dt>2022-08-02</Dt></ValDt><AcctSvcrRef>2132400153721097</AcctSvcrRef><BkTxCd><Domn><Cd>PMNT</Cd><Fmly><Cd>CCRD</Cd><SubFmlyCd>CHRG</SubFmlyCd></Fmly></Domn></BkTxCd><NtryDtls><TxDtls><Refs><AcctSvcrRef>2132400153721097</AcctSvcrRef></Refs><Amt Ccy="CHF">1.30</Amt><CdtDbtInd>DBIT</CdtDbtInd></TxDtls></NtryDtls><AddtlNtryInf>PREIS FÜR E-PAYMENT POSTFINANCE CARD AB CHF 25.01 (EUR 17.01) www.nagelpilz-entfernen.ch ANZAHL TRANSAKTIONEN: 1 UMSATZ CHF 99.90 Juli 2022</AddtlNtryInf></Ntry><Ntry><Amt Ccy="CHF">1.04</Amt><CdtDbtInd>DBIT</CdtDbtInd><RvslInd>false</RvslInd><Sts>BOOK</Sts><BookgDt><Dt>2022-08-01</Dt></BookgDt><ValDt><Dt>2022-08-02</Dt></ValDt><AcctSvcrRef>2132400153721810</AcctSvcrRef><BkTxCd><Domn><Cd>PMNT</Cd><Fmly><Cd>CCRD</Cd><SubFmlyCd>CHRG</SubFmlyCd></Fmly></Domn></BkTxCd><NtryDtls><TxDtls><Refs><AcctSvcrRef>2132400153721810</AcctSvcrRef></Refs><Amt Ccy="CHF">1.04</Amt><CdtDbtInd>DBIT</CdtDbtInd></TxDtls></NtryDtls><AddtlNtryInf>PREIS FÜR E-PAYMENT POSTFINANCE CARD AB CHF 25.01 (EUR 17.01) https://knirschfrei.ch ANZAHL TRANSAKTIONEN: 1 UMSATZ CHF 79.90 Juli 2022</AddtlNtryInf></Ntry><Ntry><Amt Ccy="CHF">1.04</Amt><CdtDbtInd>DBIT</CdtDbtInd><RvslInd>false</RvslInd><Sts>BOOK</Sts><BookgDt><Dt>2022-08-01</Dt></BookgDt><ValDt><Dt>2022-08-02</Dt></ValDt><AcctSvcrRef>2132400153721751</AcctSvcrRef><BkTxCd><Domn><Cd>PMNT</Cd><Fmly><Cd>CCRD</Cd><SubFmlyCd>CHRG</SubFmlyCd></Fmly></Domn></BkTxCd><NtryDtls><TxDtls><Refs><AcctSvcrRef>2132400153721751</AcctSvcrRef></Refs><Amt Ccy="CHF">1.04</Amt><CdtDbtInd>DBIT</CdtDbtInd></TxDtls></NtryDtls><AddtlNtryInf>PREIS FÜR E-PAYMENT POSTFINANCE CARD AB CHF 25.01 (EUR 17.01) www.schnarchschiene-ronchus.ch ANZAHL TRANSAKTIONEN: 1 UMSATZ CHF 79.90 Juli 2022</AddtlNtryInf></Ntry><Ntry><Amt Ccy="CHF">1.04</Amt><CdtDbtInd>DBIT</CdtDbtInd><RvslInd>false</RvslInd><Sts>BOOK</Sts><BookgDt><Dt>2022-08-01</Dt></BookgDt><ValDt><Dt>2022-08-02</Dt></ValDt><AcctSvcrRef>2132400153721181</AcctSvcrRef><BkTxCd><Domn><Cd>PMNT</Cd><Fmly><Cd>CCRD</Cd><SubFmlyCd>CHRG</SubFmlyCd></Fmly></Domn></BkTxCd><NtryDtls><TxDtls><Refs><AcctSvcrRef>2132400153721181</AcctSvcrRef></Refs><Amt Ccy="CHF">1.04</Amt><CdtDbtInd>DBIT</CdtDbtInd></TxDtls></NtryDtls><AddtlNtryInf>PREIS FÜR E-PAYMENT POSTFINANCE CARD AB CHF 25.01 (EUR 17.01) www.hallux-schiene.ch ANZAHL TRANSAKTIONEN: 1 UMSATZ CHF 79.90 Juli 2022</AddtlNtryInf></Ntry><Ntry><Amt Ccy="CHF">2.60</Amt><CdtDbtInd>DBIT</CdtDbtInd><RvslInd>false</RvslInd><Sts>BOOK</Sts><BookgDt><Dt>2022-08-01</Dt></BookgDt><ValDt><Dt>2022-08-02</Dt></ValDt><AcctSvcrRef>2132400153721098</AcctSvcrRef><BkTxCd><Domn><Cd>PMNT</Cd><Fmly><Cd>CCRD</Cd><SubFmlyCd>CHRG</SubFmlyCd></Fmly></Domn></BkTxCd><NtryDtls><TxDtls><Refs><AcctSvcrRef>2132400153721098</AcctSvcrRef></Refs><Amt Ccy="CHF">2.60</Amt><CdtDbtInd>DBIT</CdtDbtInd></TxDtls></NtryDtls><AddtlNtryInf>PREIS FÜR E-PAYMENT POSTFINANCE CARD AB CHF 25.01 (EUR 17.01) www.anti-ronflement.ch/ ANZAHL TRANSAKTIONEN: 2 UMSATZ CHF 199.80 Juli 2022</AddtlNtryInf></Ntry><Ntry><Amt Ccy="CHF">0.89</Amt><CdtDbtInd>DBIT</CdtDbtInd><RvslInd>false</RvslInd><Sts>BOOK</Sts><BookgDt><Dt>2022-08-01</Dt></BookgDt><ValDt><Dt>2022-08-02</Dt></ValDt><AcctSvcrRef>2132400153721111</AcctSvcrRef><BkTxCd><Domn><Cd>PMNT</Cd><Fmly><Cd>CCRD</Cd><SubFmlyCd>CHRG</SubFmlyCd></Fmly></Domn></BkTxCd><NtryDtls><TxDtls><Refs><AcctSvcrRef>2132400153721111</AcctSvcrRef></Refs><Amt Ccy="CHF">0.89</Amt><CdtDbtInd>DBIT</CdtDbtInd></TxDtls></NtryDtls><AddtlNtryInf>PREIS FÜR E-PAYMENT POSTFINANCE CARD AB CHF 25.01 (EUR 17.01) www.roadtrip77.ch ANZAHL TRANSAKTIONEN: 1 UMSATZ CHF 68.60 Juli 2022</AddtlNtryInf></Ntry><Ntry><Amt Ccy="CHF">2.47</Amt><CdtDbtInd>DBIT</CdtDbtInd><RvslInd>false</RvslInd><Sts>BOOK</Sts><BookgDt><Dt>2022-08-01</Dt></BookgDt><ValDt><Dt>2022-08-02</Dt></ValDt><AcctSvcrRef>2132400153721131</AcctSvcrRef><BkTxCd><Domn><Cd>PMNT</Cd><Fmly><Cd>CCRD</Cd><SubFmlyCd>CHRG</SubFmlyCd></Fmly></Domn></BkTxCd><NtryDtls><TxDtls><Refs><AcctSvcrRef>2132400153721131</AcctSvcrRef></Refs><Amt Ccy="CHF">2.47</Amt><CdtDbtInd>DBIT</CdtDbtInd></TxDtls></NtryDtls><AddtlNtryInf>PREIS FÜR E-PAYMENT POSTFINANCE CARD AB CHF 25.01 (EUR 17.01) www.fiebercheck.ch ANZAHL TRANSAKTIONEN: 3 UMSATZ CHF 189.70 Juli 2022</AddtlNtryInf></Ntry><Ntry><Amt Ccy="CHF">2.08</Amt><CdtDbtInd>DBIT</CdtDbtInd><RvslInd>false</RvslInd><Sts>BOOK</Sts><BookgDt><Dt>2022-08-01</Dt></BookgDt><ValDt><Dt>2022-08-02</Dt></ValDt><AcctSvcrRef>2132400153721178</AcctSvcrRef><BkTxCd><Domn><Cd>PMNT</Cd><Fmly><Cd>CCRD</Cd><SubFmlyCd>CHRG</SubFmlyCd></Fmly></Domn></BkTxCd><NtryDtls><TxDtls><Refs><AcctSvcrRef>2132400153721178</AcctSvcrRef></Refs><Amt Ccy="CHF">2.08</Amt><CdtDbtInd>DBIT</CdtDbtInd></TxDtls></NtryDtls><AddtlNtryInf>PREIS FÜR E-PAYMENT POSTFINANCE CARD AB CHF 25.01 (EUR 17.01) www.bruxima.ch ANZAHL TRANSAKTIONEN: 2 UMSATZ CHF 159.80 Juli 2022</AddtlNtryInf></Ntry><Ntry><Amt Ccy="CHF">40.08</Amt><CdtDbtInd>DBIT</CdtDbtInd><RvslInd>false</RvslInd><Sts>BOOK</Sts><BookgDt><Dt>2022-08-01</Dt></BookgDt><ValDt><Dt>2022-08-02</Dt></ValDt><AcctSvcrRef>2132400153833849</AcctSvcrRef><BkTxCd><Domn><Cd>PMNT</Cd><Fmly><Cd>CCRD</Cd><SubFmlyCd>CHRG</SubFmlyCd></Fmly></Domn></BkTxCd><NtryDtls><TxDtls><Refs><AcctSvcrRef>2132400153833849</AcctSvcrRef></Refs><Amt Ccy="CHF">40.08</Amt><CdtDbtInd>DBIT</CdtDbtInd></TxDtls></NtryDtls><AddtlNtryInf>PREIS FÜR E-PAYMENT POSTFINANCE CARD AB CHF 25.01 (EUR 17.01) www.mein-stehtisch.ch ANZAHL TRANSAKTIONEN: 3 UMSATZ CHF 3083.00 Juli 2022</AddtlNtryInf></Ntry><Ntry><Amt Ccy="CHF">65.64</Amt><CdtDbtInd>DBIT</CdtDbtInd><RvslInd>false</RvslInd><Sts>BOOK</Sts><BookgDt><Dt>2022-08-01</Dt></BookgDt><ValDt><Dt>2022-08-02</Dt></ValDt><AcctSvcrRef>2132400153711839</AcctSvcrRef><BkTxCd><Domn><Cd>PMNT</Cd><Fmly><Cd>CCRD</Cd><SubFmlyCd>CHRG</SubFmlyCd></Fmly></Domn></BkTxCd><NtryDtls><TxDtls><Refs><AcctSvcrRef>2132400153711839</AcctSvcrRef></Refs><Amt Ccy="CHF">65.64</Amt><CdtDbtInd>DBIT</CdtDbtInd></TxDtls></NtryDtls><AddtlNtryInf>PREIS FÜR E-PAYMENT POSTFINANCE E-FINANCE AB CHF 25.01 (EUR 17.01) www.mein-stehtisch.ch ANZAHL TRANSAKTIONEN: 4 UMSATZ CHF 5049.00 Juli 2022</AddtlNtryInf></Ntry><Ntry><Amt Ccy="CHF">405.00</Amt><CdtDbtInd>DBIT</CdtDbtInd><RvslInd>false</RvslInd><Sts>BOOK</Sts><BookgDt><Dt>2022-08-02</Dt></BookgDt><ValDt><Dt>2022-08-02</Dt></ValDt><AcctSvcrRef>214220008ZRZYTWK</AcctSvcrRef><BkTxCd><Domn><Cd>PMNT</Cd><Fmly><Cd>ICDT</Cd><SubFmlyCd>BOOK</SubFmlyCd></Fmly></Domn></BkTxCd><NtryDtls><TxDtls><Refs><AcctSvcrRef>25-629466646-1</AcctSvcrRef><PmtInfId>25:629466646</PmtInfId><InstrId>20220726000800442101298</InstrId></Refs><Amt Ccy="CHF">405.00</Amt><CdtDbtInd>DBIT</CdtDbtInd><BkTxCd><Domn><Cd>PMNT</Cd><Fmly><Cd>ICDT</Cd><SubFmlyCd>BOOK</SubFmlyCd></Fmly></Domn></BkTxCd><RltdPties><Cdtr><Nm>Amt für Finanzen</Nm><PstlAdr><Ctry>CH</Ctry><AdrLine>Schwyz</AdrLine></PstlAdr></Cdtr><CdtrAcct><Id><IBAN>CH8730000001600005942</IBAN></Id></CdtrAcct></RltdPties><RltdAgts><CdtrAgt><FinInstnId><BICFI>POFICHBEXXX</BICFI><PstlAdr><Ctry>CH</Ctry></PstlAdr></FinInstnId></CdtrAgt></RltdAgts><RmtInf><Strd><CdtrRefInf><Tp><CdOrPrtry><Prtry>QRR</Prtry></CdOrPrtry></Tp><Ref>800000854030202222003794098</Ref></CdtrRefInf><AddtlRmtInf>Strassenverkehrssteuern 2022</AddtlRmtInf></Strd></RmtInf></TxDtls></NtryDtls><AddtlNtryInf>LASTSCHRIFT CH8730000001600005942 Amt für Finanzen Schwyz SENDER REFERENZ: Strassenverkehrssteuern 2022 20220726000800442101298</AddtlNtryInf></Ntry><Ntry><Amt Ccy="CHF">8000.00</Amt><CdtDbtInd>DBIT</CdtDbtInd><RvslInd>false</RvslInd><Sts>BOOK</Sts><BookgDt><Dt>2022-08-02</Dt></BookgDt><ValDt><Dt>2022-08-02</Dt></ValDt><AcctSvcrRef>2142200090POLJ9K</AcctSvcrRef><BkTxCd><Domn><Cd>PMNT</Cd><Fmly><Cd>ICDT</Cd><SubFmlyCd>DMCT</SubFmlyCd></Fmly></Domn></BkTxCd><NtryDtls><TxDtls><Refs><AcctSvcrRef>25-633698068-1</AcctSvcrRef><PmtInfId>25:633698068</PmtInfId><InstrId>20220731000800526180057</InstrId></Refs><Amt Ccy="CHF">8000.00</Amt><CdtDbtInd>DBIT</CdtDbtInd><BkTxCd><Domn><Cd>PMNT</Cd><Fmly><Cd>ICDT</Cd><SubFmlyCd>DMCT</SubFmlyCd></Fmly></Domn></BkTxCd><RltdPties><Cdtr><Nm>Cornèr Banca SA, Lugano</Nm><PstlAdr><Ctry>CH</Ctry></PstlAdr></Cdtr><CdtrAcct><Id><IBAN>CH6408490900130065656</IBAN></Id></CdtrAcct></RltdPties><RltdAgts><CdtrAgt><FinInstnId><BICFI>CBLUCH22XXX</BICFI><Nm>Cornèr Banca SA</Nm><PstlAdr><Ctry>CH</Ctry><AdrLine>Via Canova 16</AdrLine><AdrLine>6901 Lugano</AdrLine></PstlAdr></FinInstnId></CdtrAgt></RltdAgts></TxDtls></NtryDtls><AddtlNtryInf>LASTSCHRIFT Cornèr Banca SA Via Canova 16 6901 Lugano CH6408490900130065656 Cornèr Banca SA, Lugano SENDER REFERENZ: 20220731000800526180057</AddtlNtryInf></Ntry><Ntry><Amt Ccy="CHF">436.55</Amt><CdtDbtInd>DBIT</CdtDbtInd><RvslInd>false</RvslInd><Sts>BOOK</Sts><BookgDt><Dt>2022-08-02</Dt></BookgDt><ValDt><Dt>2022-08-02</Dt></ValDt><AcctSvcrRef>214220008ZQQWE1K</AcctSvcrRef><BkTxCd><Domn><Cd>PMNT</Cd><Fmly><Cd>ICDT</Cd><SubFmlyCd>DMCT</SubFmlyCd></Fmly></Domn></BkTxCd><NtryDtls><TxDtls><Refs><AcctSvcrRef>25-629470474-1</AcctSvcrRef><PmtInfId>25:629470474</PmtInfId><InstrId>20220726000800442196859</InstrId></Refs><Amt Ccy="CHF">436.55</Amt><CdtDbtInd>DBIT</CdtDbtInd><BkTxCd><Domn><Cd>PMNT</Cd><Fmly><Cd>ICDT</Cd><SubFmlyCd>DMCT</SubFmlyCd></Fmly></Domn></BkTxCd><RltdPties><Cdtr><Nm>LANDI Weinland Genossenschaft</Nm><PstlAdr><Ctry>CH</Ctry></PstlAdr></Cdtr><CdtrAcct><Id><IBAN>CH7430700112200423044</IBAN></Id></CdtrAcct></RltdPties><RltdAgts><CdtrAgt><FinInstnId><BICFI>ZKBKCHZZ80A</BICFI><Nm>Zürcher Kantonalbank</Nm><PstlAdr><Ctry>CH</Ctry><AdrLine>8010 Zürich</AdrLine></PstlAdr></FinInstnId></CdtrAgt></RltdAgts><RmtInf><Strd><CdtrRefInf><Tp><CdOrPrtry><Prtry>QRR</Prtry></CdOrPrtry></Tp><Ref>963356000001064480101861811</Ref></CdtrRefInf><AddtlRmtInf>Landi 06-2022</AddtlRmtInf></Strd></RmtInf></TxDtls></NtryDtls><AddtlNtryInf>LASTSCHRIFT Zürcher Kantonalbank 8010 Zürich CH7430700112200423044 LANDI Weinland Genossenschaft SENDER REFERENZ: Landi 06-2022 20220726000800442196859</AddtlNtryInf></Ntry><Ntry><Amt Ccy="CHF">119.90</Amt><CdtDbtInd>CRDT</CdtDbtInd><RvslInd>false</RvslInd><Sts>BOOK</Sts><BookgDt><Dt>2022-08-02</Dt></BookgDt><ValDt><Dt>2022-08-02</Dt></ValDt><AcctSvcrRef>2142201090TRPXLK</AcctSvcrRef><BkTxCd><Domn><Cd>PMNT</Cd><Fmly><Cd>RCDT</Cd><SubFmlyCd>ATXN</SubFmlyCd></Fmly></Domn></BkTxCd><NtryDtls><Btch><NbOfTxs>1</NbOfTxs></Btch><TxDtls><Refs><AcctSvcrRef>220802CH090TRPXL</AcctSvcrRef><InstrId>16785253205/6XXX</InstrId><EndToEndId>NOTPROVIDED</EndToEndId><Prtry><Tp>00</Tp><Ref>220802CH090TRPXL</Ref></Prtry></Refs><Amt Ccy="CHF">119.90</Amt><CdtDbtInd>CRDT</CdtDbtInd><BkTxCd><Domn><Cd>PMNT</Cd><Fmly><Cd>RCDT</Cd><SubFmlyCd>ATXN</SubFmlyCd></Fmly></Domn></BkTxCd><RltdPties><Dbtr><Nm>Patrick Wyss</Nm><PstlAdr><AdrLine>Sandstrasse 74</AdrLine><AdrLine>3860 Meiringen</AdrLine></PstlAdr></Dbtr><DbtrAcct><Id><IBAN>CH6080808002433222102</IBAN></Id></DbtrAcct><CdtrAcct><Id><IBAN>CH9209000000414939852</IBAN></Id></CdtrAcct></RltdPties><RltdAgts><DbtrAgt><FinInstnId><ClrSysMmbId><MmbId>80843</MmbId></ClrSysMmbId><Nm>Raiffeisenbank Region Haslital- Brienz</Nm><PstlAdr><AdrLine>Hauptstrasse 1</AdrLine><AdrLine>3860 Meiringen</AdrLine></PstlAdr></FinInstnId></DbtrAgt></RltdAgts><RmtInf><Ustrd>Vorauskasse Bestellnummer 3014</Ustrd><Strd><AddtlRmtInf>?REJECT?0</AddtlRmtInf><AddtlRmtInf>?ERROR?000</AddtlRmtInf></Strd></RmtInf><RltdDts><AccptncDtTm>2022-08-02T20:00:00</AccptncDtTm></RltdDts></TxDtls></NtryDtls><AddtlNtryInf>GUTSCHRIFT AUFTRAGGEBER: Patrick Wyss Sandstrasse 74 3860 Meiringen MITTEILUNGEN: Vorauskasse Bestellnummer 3014 REFERENZEN: NOTPROVIDED 16785253205/6XXX 220802CH090TRPXL</AddtlNtryInf></Ntry><Ntry><Amt Ccy="CHF">199.00</Amt><CdtDbtInd>CRDT</CdtDbtInd><RvslInd>false</RvslInd><Sts>BOOK</Sts><BookgDt><Dt>2022-08-02</Dt></BookgDt><ValDt><Dt>2022-08-02</Dt></ValDt><AcctSvcrRef>2142201090UVBDLK</AcctSvcrRef><BkTxCd><Domn><Cd>PMNT</Cd><Fmly><Cd>RCDT</Cd><SubFmlyCd>ATXN</SubFmlyCd></Fmly></Domn></BkTxCd><NtryDtls><Btch><NbOfTxs>1</NbOfTxs></Btch><TxDtls><Refs><AcctSvcrRef>220802CH090UVBDL</AcctSvcrRef><InstrId>16785861454/6XXX</InstrId><EndToEndId>NOTPROVIDED</EndToEndId><Prtry><Tp>00</Tp><Ref>220802CH090UVBDL</Ref></Prtry></Refs><Amt Ccy="CHF">199.00</Amt><CdtDbtInd>CRDT</CdtDbtInd><BkTxCd><Domn><Cd>PMNT</Cd><Fmly><Cd>RCDT</Cd><SubFmlyCd>ATXN</SubFmlyCd></Fmly></Domn></BkTxCd><RltdPties><Dbtr><Nm>Yves Michel Narbel</Nm><PstlAdr><AdrLine>Heiterschenstrasse 17 c</AdrLine><AdrLine>9545 Waengi</AdrLine></PstlAdr></Dbtr><DbtrAcct><Id><IBAN>CH1480808002405367731</IBAN></Id></DbtrAcct><CdtrAcct><Id><IBAN>CH9209000000414939852</IBAN></Id></CdtrAcct></RltdPties><RltdAgts><DbtrAgt><FinInstnId><ClrSysMmbId><MmbId>81401</MmbId></ClrSysMmbId><Nm>Raiffeisenbank Seerücken</Nm><PstlAdr><AdrLine>Hauptstrasse 35</AdrLine><AdrLine>8505 Pfyn</AdrLine></PstlAdr></FinInstnId></DbtrAgt></RltdAgts><RmtInf><Ustrd>Rechnung RE-90639</Ustrd><Strd><AddtlRmtInf>?REJECT?0</AddtlRmtInf><AddtlRmtInf>?ERROR?000</AddtlRmtInf></Strd></RmtInf><RltdDts><AccptncDtTm>2022-08-02T20:00:00</AccptncDtTm></RltdDts></TxDtls></NtryDtls><AddtlNtryInf>GUTSCHRIFT AUFTRAGGEBER: Yves Michel Narbel Heiterschenstrasse 17 c 9545 Waengi MITTEILUNGEN: Rechnung RE-90639 REFERENZEN: NOTPROVIDED 16785861454/6XXX 220802CH090UVBDL</AddtlNtryInf></Ntry><Ntry><Amt Ccy="CHF">3386.50</Amt><CdtDbtInd>CRDT</CdtDbtInd><RvslInd>false</RvslInd><Sts>BOOK</Sts><BookgDt><Dt>2022-08-02</Dt></BookgDt><ValDt><Dt>2022-08-02</Dt></ValDt><AcctSvcrRef>2142200090H3O7FK</AcctSvcrRef><BkTxCd><Domn><Cd>PMNT</Cd><Fmly><Cd>RCDT</Cd><SubFmlyCd>AUTT</SubFmlyCd></Fmly></Domn></BkTxCd><NtryDtls><Btch><NbOfTxs>1</NbOfTxs></Btch><TxDtls><Refs><MsgId>TWINT20220728-101-Merchant</MsgId><AcctSvcrRef>220729CH090H3O7F</AcctSvcrRef><PmtInfId>TWINT20220728-101-Merchant-B1</PmtInfId><InstrId>dc961d126a4e4eb988806874d79b1049</InstrId><EndToEndId>TWINT20220728-101-Merchant-B1</EndToEndId><Prtry><Tp>00</Tp><Ref>220729CH090H3O7F</Ref></Prtry></Refs><Amt Ccy="CHF">3386.50</Amt><CdtDbtInd>CRDT</CdtDbtInd><BkTxCd><Domn><Cd>PMNT</Cd><Fmly><Cd>RCDT</Cd><SubFmlyCd>AUTT</SubFmlyCd></Fmly></Domn></BkTxCd><RltdPties><Dbtr><Nm>TWINT Acquiring AG</Nm><PstlAdr><StrtNm>Stauffacherstrasse</StrtNm><BldgNb>41</BldgNb><PstCd>8004</PstCd><TwnNm>Zürich</TwnNm><Ctry>CH</Ctry></PstlAdr></Dbtr><DbtrAcct><Id><IBAN>CH6609000000313087410</IBAN></Id></DbtrAcct><CdtrAcct><Id><IBAN>CH9209000000414939852</IBAN></Id></CdtrAcct></RltdPties><RltdAgts><DbtrAgt><FinInstnId><BICFI>POFICHBEXXX</BICFI><Nm>POSTFINANCE AG</Nm><PstlAdr><AdrLine>MINGERSTRASSE , 20</AdrLine><AdrLine>3030 BERN</AdrLine></PstlAdr></FinInstnId></DbtrAgt></RltdAgts><RmtInf><Ustrd>999999 TWINT TWINT Auszahlungen Pay</Ustrd><Ustrd>out 20220729                       </Ustrd><Ustrd>   Gross: 3431.12 Fees: -44.62</Ustrd><Strd><AddtlRmtInf>?REJECT?0</AddtlRmtInf><AddtlRmtInf>?ERROR?000</AddtlRmtInf></Strd></RmtInf><RltdDts><AccptncDtTm>2022-08-02T20:00:00</AccptncDtTm></RltdDts></TxDtls></NtryDtls><AddtlNtryInf>GUTSCHRIFT CH6609000000313087410 ABSENDER: TWINT Acquiring AG Stauffacherstrasse 41 8004 Zürich MITTEILUNGEN: 999999 TWINT TWINT Auszahlungen Pay out 20220729                           Gross: 3431.12 Fees: -44.62 REFERENZEN: TWINT20220728-101-Merchant-B1</AddtlNtryInf></Ntry><Ntry><Amt Ccy="CHF">988.00</Amt><CdtDbtInd>CRDT</CdtDbtInd><RvslInd>false</RvslInd><Sts>BOOK</Sts><BookgDt><Dt>2022-08-02</Dt></BookgDt><ValDt><Dt>2022-08-02</Dt></ValDt><AcctSvcrRef>2142201090V85V1K</AcctSvcrRef><BkTxCd><Domn><Cd>PMNT</Cd><Fmly><Cd>RCDT</Cd><SubFmlyCd>ATXN</SubFmlyCd></Fmly></Domn></BkTxCd><NtryDtls><Btch><NbOfTxs>1</NbOfTxs></Btch><TxDtls><Refs><AcctSvcrRef>220802CH090V85V1</AcctSvcrRef><InstrId>20729487960.0001</InstrId><EndToEndId>d2a35358523d433cb1993b802ba8ce4e</EndToEndId><Prtry><Tp>00</Tp><Ref>220802CH090V85V1</Ref></Prtry></Refs><Amt Ccy="CHF">988.00</Amt><CdtDbtInd>CRDT</CdtDbtInd><BkTxCd><Domn><Cd>PMNT</Cd><Fmly><Cd>RCDT</Cd><SubFmlyCd>ATXN</SubFmlyCd></Fmly></Domn></BkTxCd><RltdPties><Dbtr><Nm>Forstbetrieb Thunersee-Suldtal</Nm><PstlAdr><StrtNm>Dorfplatz</StrtNm><BldgNb>2</BldgNb><PstCd>3704</PstCd><TwnNm>Krattigen</TwnNm><Ctry>CH</Ctry></PstlAdr></Dbtr><DbtrAcct><Id><IBAN>CH2908784045843071202</IBAN></Id></DbtrAcct><CdtrAcct><Id><IBAN>CH9209000000414939852</IBAN></Id></CdtrAcct></RltdPties><RltdAgts><DbtrAgt><FinInstnId><ClrSysMmbId><MmbId>8784</MmbId></ClrSysMmbId><Nm>Spar- und Leihkasse Frutigen AG</Nm><PstlAdr><AdrLine>Dorfstrasse 15</AdrLine><AdrLine>3714 Frutigen</AdrLine></PstlAdr></FinInstnId></DbtrAgt></RltdAgts><RmtInf><Ustrd>Info: 22-12153</Ustrd><Strd><AddtlRmtInf>?REJECT?0</AddtlRmtInf><AddtlRmtInf>?ERROR?000</AddtlRmtInf></Strd></RmtInf><RltdDts><AccptncDtTm>2022-08-02T20:00:00</AccptncDtTm></RltdDts></TxDtls></NtryDtls><AddtlNtryInf>GUTSCHRIFT AUFTRAGGEBER: Forstbetrieb Thunersee-Suldtal Dorfplatz 2 3704 Krattigen MITTEILUNGEN: Info: 22-12153 REFERENZEN: d2a35358523d433cb1993b802ba8ce4e 20729487960.0001 220802CH090V85V1</AddtlNtryInf></Ntry><Ntry><Amt Ccy="CHF">1375.00</Amt><CdtDbtInd>CRDT</CdtDbtInd><RvslInd>false</RvslInd><Sts>BOOK</Sts><BookgDt><Dt>2022-08-02</Dt></BookgDt><ValDt><Dt>2022-08-02</Dt></ValDt><AcctSvcrRef>2142201090VO6VTK</AcctSvcrRef><BkTxCd><Domn><Cd>PMNT</Cd><Fmly><Cd>RCDT</Cd><SubFmlyCd>ATXN</SubFmlyCd></Fmly></Domn></BkTxCd><NtryDtls><Btch><NbOfTxs>1</NbOfTxs></Btch><TxDtls><Refs><AcctSvcrRef>220802CH090VO6VT</AcctSvcrRef><InstrId>20729861131.0001</InstrId><EndToEndId>NOTPROVIDED</EndToEndId><Prtry><Tp>00</Tp><Ref>220802CH090VO6VT</Ref></Prtry></Refs><Amt Ccy="CHF">1375.00</Amt><CdtDbtInd>CRDT</CdtDbtInd><BkTxCd><Domn><Cd>PMNT</Cd><Fmly><Cd>RCDT</Cd><SubFmlyCd>ATXN</SubFmlyCd></Fmly></Domn></BkTxCd><RltdPties><Dbtr><Nm>Schulz Gabriela</Nm><PstlAdr><StrtNm>Hochwachtstrasse</StrtNm><BldgNb>9</BldgNb><PstCd>9552</PstCd><TwnNm>Bronschhofen</TwnNm><Ctry>CH</Ctry></PstlAdr></Dbtr><DbtrAcct><Id><IBAN>CH7108401000067699413</IBAN></Id></DbtrAcct><CdtrAcct><Id><IBAN>CH9209000000414939852</IBAN></Id></CdtrAcct></RltdPties><RltdAgts><DbtrAgt><FinInstnId><ClrSysMmbId><MmbId>8401</MmbId></ClrSysMmbId><Nm>Migros Bank AG</Nm><PstlAdr><AdrLine>8010 Zürich</AdrLine></PstlAdr></FinInstnId></DbtrAgt></RltdAgts><RmtInf><Ustrd>9412  Weber Rolf,</Ustrd><Strd><AddtlRmtInf>?REJECT?0</AddtlRmtInf><AddtlRmtInf>?ERROR?000</AddtlRmtInf></Strd></RmtInf><RltdDts><AccptncDtTm>2022-08-02T20:00:00</AccptncDtTm></RltdDts></TxDtls></NtryDtls><AddtlNtryInf>GUTSCHRIFT AUFTRAGGEBER: Schulz Gabriela Hochwachtstrasse 9 9552 Bronschhofen MITTEILUNGEN: 9412  Weber Rolf, REFERENZEN: NOTPROVIDED 20729861131.0001 220802CH090VO6VT</AddtlNtryInf></Ntry><Ntry><Amt Ccy="CHF">1203.38</Amt><CdtDbtInd>CRDT</CdtDbtInd><RvslInd>false</RvslInd><Sts>BOOK</Sts><BookgDt><Dt>2022-08-02</Dt></BookgDt><ValDt><Dt>2022-08-02</Dt></ValDt><AcctSvcrRef>2142201090XKG29K</AcctSvcrRef><BkTxCd><Domn><Cd>PMNT</Cd><Fmly><Cd>RCDT</Cd><SubFmlyCd>ATXN</SubFmlyCd></Fmly></Domn></BkTxCd><NtryDtls><Btch><NbOfTxs>1</NbOfTxs></Btch><TxDtls><Refs><AcctSvcrRef>220802CH090XKG29</AcctSvcrRef><InstrId>LON03240077098</InstrId><EndToEndId>NOTPROVIDED</EndToEndId><Prtry><Tp>00</Tp><Ref>220802CH090XKG29</Ref></Prtry></Refs><Amt Ccy="CHF">1203.38</Amt><CdtDbtInd>CRDT</CdtDbtInd><BkTxCd><Domn><Cd>PMNT</Cd><Fmly><Cd>RCDT</Cd><SubFmlyCd>ATXN</SubFmlyCd></Fmly></Domn></BkTxCd><RltdPties><Dbtr><Nm>STRIPE PAYMENTS UK LTD</Nm><PstlAdr><AdrLine>9TH FLOOR, 107 CHEAPSIDE GB - LONDO</AdrLine><AdrLine>N EC2V 6DN</AdrLine></PstlAdr></Dbtr><DbtrAcct><Id><IBAN>DK6289000000010375</IBAN></Id></DbtrAcct><CdtrAcct><Id><IBAN>CH9209000000414939852</IBAN></Id></CdtrAcct></RltdPties><RltdAgts><DbtrAgt><FinInstnId><BICFI>CITIGB2LXXX</BICFI><Nm>CITIBANK N.A.</Nm><PstlAdr><AdrLine>CITIBANK CENTRE25 CANADA SQUARE</AdrLine><AdrLine>E14 5LB LONDON</AdrLine></PstlAdr></FinInstnId></DbtrAgt></RltdAgts><RmtInf><Ustrd>STRIPE F0B8N0</Ustrd><Strd><AddtlRmtInf>?REJECT?0</AddtlRmtInf><AddtlRmtInf>?ERROR?000</AddtlRmtInf></Strd></RmtInf><RltdDts><AccptncDtTm>2022-08-02T20:00:00</AccptncDtTm></RltdDts></TxDtls></NtryDtls><AddtlNtryInf>GUTSCHRIFT AUFTRAGGEBER: STRIPE PAYMENTS UK LTD 9TH FLOOR, 107 CHEAPSIDE GB - LONDO N EC2V 6DN MITTEILUNGEN: STRIPE F0B8N0 SPESENBETRAG 0.00 CHF SHA REFERENZEN: NOTPROVIDED LON03240077098 220802CH090XKG29</AddtlNtryInf></Ntry><Ntry><Amt Ccy="CHF">520.54</Amt><CdtDbtInd>CRDT</CdtDbtInd><RvslInd>false</RvslInd><Sts>BOOK</Sts><BookgDt><Dt>2022-08-02</Dt></BookgDt><ValDt><Dt>2022-08-02</Dt></ValDt><AcctSvcrRef>2142201090XMQJ3K</AcctSvcrRef><BkTxCd><Domn><Cd>PMNT</Cd><Fmly><Cd>RCDT</Cd><SubFmlyCd>ATXN</SubFmlyCd></Fmly></Domn></BkTxCd><NtryDtls><Btch><NbOfTxs>1</NbOfTxs></Btch><TxDtls><Refs><AcctSvcrRef>220802CH090XMQJ3</AcctSvcrRef><InstrId>LON03240081905</InstrId><EndToEndId>NOTPROVIDED</EndToEndId><Prtry><Tp>00</Tp><Ref>220802CH090XMQJ3</Ref></Prtry></Refs><Amt Ccy="CHF">520.54</Amt><CdtDbtInd>CRDT</CdtDbtInd><BkTxCd><Domn><Cd>PMNT</Cd><Fmly><Cd>RCDT</Cd><SubFmlyCd>ATXN</SubFmlyCd></Fmly></Domn></BkTxCd><RltdPties><Dbtr><Nm>STRIPE PAYMENTS UK LTD</Nm><PstlAdr><AdrLine>9TH FLOOR, 107 CHEAPSIDE GB - LONDO</AdrLine><AdrLine>N EC2V 6DN</AdrLine></PstlAdr></Dbtr><DbtrAcct><Id><IBAN>DK6289000000010375</IBAN></Id></DbtrAcct><CdtrAcct><Id><IBAN>CH9209000000414939852</IBAN></Id></CdtrAcct></RltdPties><RltdAgts><DbtrAgt><FinInstnId><BICFI>CITIGB2LXXX</BICFI><Nm>CITIBANK N.A.</Nm><PstlAdr><AdrLine>CITIBANK CENTRE25 CANADA SQUARE</AdrLine><AdrLine>E14 5LB LONDON</AdrLine></PstlAdr></FinInstnId></DbtrAgt></RltdAgts><RmtInf><Ustrd>STRIPE D8V3P7</Ustrd><Strd><AddtlRmtInf>?REJECT?0</AddtlRmtInf><AddtlRmtInf>?ERROR?000</AddtlRmtInf></Strd></RmtInf><RltdDts><AccptncDtTm>2022-08-02T20:00:00</AccptncDtTm></RltdDts></TxDtls></NtryDtls><AddtlNtryInf>GUTSCHRIFT AUFTRAGGEBER: STRIPE PAYMENTS UK LTD 9TH FLOOR, 107 CHEAPSIDE GB - LONDO N EC2V 6DN MITTEILUNGEN: STRIPE D8V3P7 SPESENBETRAG 0.00 CHF SHA REFERENZEN: NOTPROVIDED LON03240081905 220802CH090XMQJ3</AddtlNtryInf></Ntry><Ntry><Amt Ccy="CHF">59.90</Amt><CdtDbtInd>CRDT</CdtDbtInd><RvslInd>false</RvslInd><Sts>BOOK</Sts><BookgDt><Dt>2022-08-02</Dt></BookgDt><ValDt><Dt>2022-08-02</Dt></ValDt><AcctSvcrRef>2142201090YEASOK</AcctSvcrRef><BkTxCd><Domn><Cd>PMNT</Cd><Fmly><Cd>RCDT</Cd><SubFmlyCd>ATXN</SubFmlyCd></Fmly></Domn></BkTxCd><NtryDtls><Btch><NbOfTxs>1</NbOfTxs></Btch><TxDtls><Refs><AcctSvcrRef>220802CH090YEASO</AcctSvcrRef><InstrId>16787589035/6XXX</InstrId><EndToEndId>NOTPROVIDED</EndToEndId><Prtry><Tp>00</Tp><Ref>220802CH090YEASO</Ref></Prtry></Refs><Amt Ccy="CHF">59.90</Amt><CdtDbtInd>CRDT</CdtDbtInd><BkTxCd><Domn><Cd>PMNT</Cd><Fmly><Cd>RCDT</Cd><SubFmlyCd>ATXN</SubFmlyCd></Fmly></Domn></BkTxCd><RltdPties><Dbtr><Nm>Petra Buesser</Nm><PstlAdr><AdrLine>Tobelstrasse 17</AdrLine><AdrLine>8873 Amden</AdrLine></PstlAdr></Dbtr><DbtrAcct><Id><IBAN>CH4680808007957827381</IBAN></Id></DbtrAcct><CdtrAcct><Id><IBAN>CH9209000000414939852</IBAN></Id></CdtrAcct></RltdPties><RltdAgts><DbtrAgt><FinInstnId><ClrSysMmbId><MmbId>81302</MmbId></ClrSysMmbId><Nm>Raiffeisenbank Schänis-Amden</Nm><PstlAdr><AdrLine>Oberdorf 7</AdrLine><AdrLine>8718 Schänis</AdrLine></PstlAdr></FinInstnId></DbtrAgt></RltdAgts><RmtInf><Strd><AddtlRmtInf>?REJECT?0</AddtlRmtInf><AddtlRmtInf>?ERROR?000</AddtlRmtInf></Strd></RmtInf><RltdDts><AccptncDtTm>2022-08-02T20:00:00</AccptncDtTm></RltdDts></TxDtls></NtryDtls><AddtlNtryInf>GUTSCHRIFT AUFTRAGGEBER: Petra Buesser Tobelstrasse 17 8873 Amden REFERENZEN: NOTPROVIDED 16787589035/6XXX 220802CH090YEASO</AddtlNtryInf></Ntry><Ntry><Amt Ccy="CHF">59.06</Amt><CdtDbtInd>CRDT</CdtDbtInd><RvslInd>false</RvslInd><Sts>BOOK</Sts><BookgDt><Dt>2022-08-02</Dt></BookgDt><ValDt><Dt>2022-08-02</Dt></ValDt><AcctSvcrRef>2142201090ZL6V2K</AcctSvcrRef><BkTxCd><Domn><Cd>PMNT</Cd><Fmly><Cd>RCDT</Cd><SubFmlyCd>ATXN</SubFmlyCd></Fmly></Domn></BkTxCd><NtryDtls><Btch><NbOfTxs>1</NbOfTxs></Btch><TxDtls><Refs><AcctSvcrRef>220802CH090ZL6V2</AcctSvcrRef><InstrId>9901713E67522293</InstrId><EndToEndId>CONCA00000004598</EndToEndId><Prtry><Tp>00</Tp><Ref>220802CH090ZL6V2</Ref></Prtry></Refs><Amt Ccy="CHF">59.06</Amt><CdtDbtInd>CRDT</CdtDbtInd><BkTxCd><Domn><Cd>PMNT</Cd><Fmly><Cd>RCDT</Cd><SubFmlyCd>ATXN</SubFmlyCd></Fmly></Domn></BkTxCd><RltdPties><Dbtr><Nm>CONCARDIS GMBH</Nm><PstlAdr><AdrLine>HELFMANN PARK 7 DE 65760 ESCHBORN</AdrLine></PstlAdr></Dbtr><DbtrAcct><Id><IBAN>CH830023023065770601M</IBAN></Id></DbtrAcct><CdtrAcct><Id><IBAN>CH9209000000414939852</IBAN></Id></CdtrAcct></RltdPties><RltdAgts><DbtrAgt><FinInstnId><ClrSysMmbId><MmbId>230</MmbId></ClrSysMmbId><Nm>UBS Switzerland AG</Nm><PstlAdr><AdrLine>Bahnhofstrasse 45</AdrLine><AdrLine>8098 Zürich</AdrLine></PstlAdr></FinInstnId></DbtrAgt></RltdAgts><RmtInf><Ustrd>VI:DAT20.07.22:ZAHL-NR000010:BRUTTO</Ustrd><Ustrd>59,90:KOM0,84:VP146589356:FIL:TRX1</Ustrd><Strd><AddtlRmtInf>?REJECT?0</AddtlRmtInf><AddtlRmtInf>?ERROR?000</AddtlRmtInf></Strd></RmtInf><RltdDts><AccptncDtTm>2022-08-02T20:00:00</AccptncDtTm></RltdDts></TxDtls></NtryDtls><AddtlNtryInf>GUTSCHRIFT AUFTRAGGEBER: CONCARDIS GMBH HELFMANN PARK 7 DE 65760 ESCHBORN MITTEILUNGEN: VI:DAT20.07.22:ZAHL-NR000010:BRUTTO 59,90:KOM0,84:VP146589356:FIL:TRX1 SPESENBETRAG 0.00 CHF SHA REFERENZEN: CONCA00000004598 9901713E67522293 220802CH090ZL6V2</AddtlNtryInf></Ntry><Ntry><Amt Ccy="CHF">118.12</Amt><CdtDbtInd>CRDT</CdtDbtInd><RvslInd>false</RvslInd><Sts>BOOK</Sts><BookgDt><Dt>2022-08-02</Dt></BookgDt><ValDt><Dt>2022-08-02</Dt></ValDt><AcctSvcrRef>2142201090ZLC5KK</AcctSvcrRef><BkTxCd><Domn><Cd>PMNT</Cd><Fmly><Cd>RCDT</Cd><SubFmlyCd>ATXN</SubFmlyCd></Fmly></Domn></BkTxCd><NtryDtls><Btch><NbOfTxs>1</NbOfTxs></Btch><TxDtls><Refs><AcctSvcrRef>220802CH090ZLC5K</AcctSvcrRef><InstrId>9901713E67522294</InstrId><EndToEndId>CONCA00000004599</EndToEndId><Prtry><Tp>00</Tp><Ref>220802CH090ZLC5K</Ref></Prtry></Refs><Amt Ccy="CHF">118.12</Amt><CdtDbtInd>CRDT</CdtDbtInd><BkTxCd><Domn><Cd>PMNT</Cd><Fmly><Cd>RCDT</Cd><SubFmlyCd>ATXN</SubFmlyCd></Fmly></Domn></BkTxCd><RltdPties><Dbtr><Nm>CONCARDIS GMBH</Nm><PstlAdr><AdrLine>HELFMANN PARK 7 DE 65760 ESCHBORN</AdrLine></PstlAdr></Dbtr><DbtrAcct><Id><IBAN>CH830023023065770601M</IBAN></Id></DbtrAcct><CdtrAcct><Id><IBAN>CH9209000000414939852</IBAN></Id></CdtrAcct></RltdPties><RltdAgts><DbtrAgt><FinInstnId><ClrSysMmbId><MmbId>230</MmbId></ClrSysMmbId><Nm>UBS Switzerland AG</Nm><PstlAdr><AdrLine>Bahnhofstrasse 45</AdrLine><AdrLine>8098 Zürich</AdrLine></PstlAdr></FinInstnId></DbtrAgt></RltdAgts><RmtInf><Ustrd>VI:DAT20.07.22:ZAHL-NR000013:BRUTTO</Ustrd><Ustrd>119,80:KOM1,68:VP146589364:FIL:TRX2</Ustrd><Strd><AddtlRmtInf>?REJECT?0</AddtlRmtInf><AddtlRmtInf>?ERROR?000</AddtlRmtInf></Strd></RmtInf><RltdDts><AccptncDtTm>2022-08-02T20:00:00</AccptncDtTm></RltdDts></TxDtls></NtryDtls><AddtlNtryInf>GUTSCHRIFT AUFTRAGGEBER: CONCARDIS GMBH HELFMANN PARK 7 DE 65760 ESCHBORN MITTEILUNGEN: VI:DAT20.07.22:ZAHL-NR000013:BRUTTO 119,80:KOM1,68:VP146589364:FIL:TRX2 SPESENBETRAG 0.00 CHF SHA REFERENZEN: CONCA00000004599 9901713E67522294 220802CH090ZLC5K</AddtlNtryInf></Ntry><Ntry><Amt Ccy="CHF">118.08</Amt><CdtDbtInd>CRDT</CdtDbtInd><RvslInd>false</RvslInd><Sts>BOOK</Sts><BookgDt><Dt>2022-08-02</Dt></BookgDt><ValDt><Dt>2022-08-02</Dt></ValDt><AcctSvcrRef>2142201090ZL7YLK</AcctSvcrRef><BkTxCd><Domn><Cd>PMNT</Cd><Fmly><Cd>RCDT</Cd><SubFmlyCd>ATXN</SubFmlyCd></Fmly></Domn></BkTxCd><NtryDtls><Btch><NbOfTxs>1</NbOfTxs></Btch><TxDtls><Refs><AcctSvcrRef>220802CH090ZL7YL</AcctSvcrRef><InstrId>9901713E67522291</InstrId><EndToEndId>CONCA00000004596</EndToEndId><Prtry><Tp>00</Tp><Ref>220802CH090ZL7YL</Ref></Prtry></Refs><Amt Ccy="CHF">118.08</Amt><CdtDbtInd>CRDT</CdtDbtInd><BkTxCd><Domn><Cd>PMNT</Cd><Fmly><Cd>RCDT</Cd><SubFmlyCd>ATXN</SubFmlyCd></Fmly></Domn></BkTxCd><RltdPties><Dbtr><Nm>CONCARDIS GMBH</Nm><PstlAdr><AdrLine>HELFMANN PARK 7 DE 65760 ESCHBORN</AdrLine></PstlAdr></Dbtr><DbtrAcct><Id><IBAN>CH830023023065770601M</IBAN></Id></DbtrAcct><CdtrAcct><Id><IBAN>CH9209000000414939852</IBAN></Id></CdtrAcct></RltdPties><RltdAgts><DbtrAgt><FinInstnId><ClrSysMmbId><MmbId>230</MmbId></ClrSysMmbId><Nm>UBS Switzerland AG</Nm><PstlAdr><AdrLine>Bahnhofstrasse 45</AdrLine><AdrLine>8098 Zürich</AdrLine></PstlAdr></FinInstnId></DbtrAgt></RltdAgts><RmtInf><Ustrd>MC:DAT20.07.22:ZAHL-NR000009:BRUTTO</Ustrd><Ustrd>119,80:KOM1,72:VP156589338:FIL:TRX2</Ustrd><Strd><AddtlRmtInf>?REJECT?0</AddtlRmtInf><AddtlRmtInf>?ERROR?000</AddtlRmtInf></Strd></RmtInf><RltdDts><AccptncDtTm>2022-08-02T20:00:00</AccptncDtTm></RltdDts></TxDtls></NtryDtls><AddtlNtryInf>GUTSCHRIFT AUFTRAGGEBER: CONCARDIS GMBH HELFMANN PARK 7 DE 65760 ESCHBORN MITTEILUNGEN: MC:DAT20.07.22:ZAHL-NR000009:BRUTTO 119,80:KOM1,72:VP156589338:FIL:TRX2 SPESENBETRAG 0.00 CHF SHA REFERENZEN: CONCA00000004596 9901713E67522291 220802CH090ZL7YL</AddtlNtryInf></Ntry><Ntry><Amt Ccy="CHF">182.15</Amt><CdtDbtInd>CRDT</CdtDbtInd><RvslInd>false</RvslInd><Sts>BOOK</Sts><BookgDt><Dt>2022-08-02</Dt></BookgDt><ValDt><Dt>2022-08-02</Dt></ValDt><AcctSvcrRef>2142201090ZL4KCK</AcctSvcrRef><BkTxCd><Domn><Cd>PMNT</Cd><Fmly><Cd>RCDT</Cd><SubFmlyCd>ATXN</SubFmlyCd></Fmly></Domn></BkTxCd><NtryDtls><Btch><NbOfTxs>1</NbOfTxs></Btch><TxDtls><Refs><AcctSvcrRef>220802CH090ZL4KC</AcctSvcrRef><InstrId>9901713E67522736</InstrId><EndToEndId>CONCA00000004601</EndToEndId><Prtry><Tp>00</Tp><Ref>220802CH090ZL4KC</Ref></Prtry></Refs><Amt Ccy="CHF">182.15</Amt><CdtDbtInd>CRDT</CdtDbtInd><BkTxCd><Domn><Cd>PMNT</Cd><Fmly><Cd>RCDT</Cd><SubFmlyCd>ATXN</SubFmlyCd></Fmly></Domn></BkTxCd><RltdPties><Dbtr><Nm>CONCARDIS GMBH</Nm><PstlAdr><AdrLine>HELFMANN PARK 7 DE 65760 ESCHBORN</AdrLine></PstlAdr></Dbtr><DbtrAcct><Id><IBAN>CH830023023065770601M</IBAN></Id></DbtrAcct><CdtrAcct><Id><IBAN>CH9209000000414939852</IBAN></Id></CdtrAcct></RltdPties><RltdAgts><DbtrAgt><FinInstnId><ClrSysMmbId><MmbId>230</MmbId></ClrSysMmbId><Nm>UBS Switzerland AG</Nm><PstlAdr><AdrLine>Bahnhofstrasse 45</AdrLine><AdrLine>8098 Zürich</AdrLine></PstlAdr></FinInstnId></DbtrAgt></RltdAgts><RmtInf><Ustrd>MC:DAT20.07.22:ZAHL-NR000004:BRUTTO</Ustrd><Ustrd>184,80:KOM2,65:VP156589700:FIL:TRX3</Ustrd><Strd><AddtlRmtInf>?REJECT?0</AddtlRmtInf><AddtlRmtInf>?ERROR?000</AddtlRmtInf></Strd></RmtInf><RltdDts><AccptncDtTm>2022-08-02T20:00:00</AccptncDtTm></RltdDts></TxDtls></NtryDtls><AddtlNtryInf>GUTSCHRIFT AUFTRAGGEBER: CONCARDIS GMBH HELFMANN PARK 7 DE 65760 ESCHBORN MITTEILUNGEN: MC:DAT20.07.22:ZAHL-NR000004:BRUTTO 184,80:KOM2,65:VP156589700:FIL:TRX3 SPESENBETRAG 0.00 CHF SHA REFERENZEN: CONCA00000004601 9901713E67522736 220802CH090ZL4KC</AddtlNtryInf></Ntry><Ntry><Amt Ccy="CHF">137.91</Amt><CdtDbtInd>CRDT</CdtDbtInd><RvslInd>false</RvslInd><Sts>BOOK</Sts><BookgDt><Dt>2022-08-02</Dt></BookgDt><ValDt><Dt>2022-08-02</Dt></ValDt><AcctSvcrRef>2142201090ZL4M8K</AcctSvcrRef><BkTxCd><Domn><Cd>PMNT</Cd><Fmly><Cd>RCDT</Cd><SubFmlyCd>ATXN</SubFmlyCd></Fmly></Domn></BkTxCd><NtryDtls><Btch><NbOfTxs>1</NbOfTxs></Btch><TxDtls><Refs><AcctSvcrRef>220802CH090ZL4M8</AcctSvcrRef><InstrId>9901713E67522292</InstrId><EndToEndId>CONCA00000004597</EndToEndId><Prtry><Tp>00</Tp><Ref>220802CH090ZL4M8</Ref></Prtry></Refs><Amt Ccy="CHF">137.91</Amt><CdtDbtInd>CRDT</CdtDbtInd><BkTxCd><Domn><Cd>PMNT</Cd><Fmly><Cd>RCDT</Cd><SubFmlyCd>ATXN</SubFmlyCd></Fmly></Domn></BkTxCd><RltdPties><Dbtr><Nm>CONCARDIS GMBH</Nm><PstlAdr><AdrLine>HELFMANN PARK 7 DE 65760 ESCHBORN</AdrLine></PstlAdr></Dbtr><DbtrAcct><Id><IBAN>CH830023023065770601M</IBAN></Id></DbtrAcct><CdtrAcct><Id><IBAN>CH9209000000414939852</IBAN></Id></CdtrAcct></RltdPties><RltdAgts><DbtrAgt><FinInstnId><ClrSysMmbId><MmbId>230</MmbId></ClrSysMmbId><Nm>UBS Switzerland AG</Nm><PstlAdr><AdrLine>Bahnhofstrasse 45</AdrLine><AdrLine>8098 Zürich</AdrLine></PstlAdr></FinInstnId></DbtrAgt></RltdAgts><RmtInf><Ustrd>MC:DAT20.07.22:ZAHL-NR000009:BRUTTO</Ustrd><Ustrd>139,90:KOM1,99:VP156589354:FIL:TRX2</Ustrd><Strd><AddtlRmtInf>?REJECT?0</AddtlRmtInf><AddtlRmtInf>?ERROR?000</AddtlRmtInf></Strd></RmtInf><RltdDts><AccptncDtTm>2022-08-02T20:00:00</AccptncDtTm></RltdDts></TxDtls></NtryDtls><AddtlNtryInf>GUTSCHRIFT AUFTRAGGEBER: CONCARDIS GMBH HELFMANN PARK 7 DE 65760 ESCHBORN MITTEILUNGEN: MC:DAT20.07.22:ZAHL-NR000009:BRUTTO 139,90:KOM1,99:VP156589354:FIL:TRX2 SPESENBETRAG 0.00 CHF SHA REFERENZEN: CONCA00000004597 9901713E67522292 220802CH090ZL4M8</AddtlNtryInf></Ntry><Ntry><Amt Ccy="CHF">59.02</Amt><CdtDbtInd>CRDT</CdtDbtInd><RvslInd>false</RvslInd><Sts>BOOK</Sts><BookgDt><Dt>2022-08-02</Dt></BookgDt><ValDt><Dt>2022-08-02</Dt></ValDt><AcctSvcrRef>2142201090ZL6P2K</AcctSvcrRef><BkTxCd><Domn><Cd>PMNT</Cd><Fmly><Cd>RCDT</Cd><SubFmlyCd>ATXN</SubFmlyCd></Fmly></Domn></BkTxCd><NtryDtls><Btch><NbOfTxs>1</NbOfTxs></Btch><TxDtls><Refs><AcctSvcrRef>220802CH090ZL6P2</AcctSvcrRef><InstrId>9901713E67522289</InstrId><EndToEndId>CONCA00000004594</EndToEndId><Prtry><Tp>00</Tp><Ref>220802CH090ZL6P2</Ref></Prtry></Refs><Amt Ccy="CHF">59.02</Amt><CdtDbtInd>CRDT</CdtDbtInd><BkTxCd><Domn><Cd>PMNT</Cd><Fmly><Cd>RCDT</Cd><SubFmlyCd>ATXN</SubFmlyCd></Fmly></Domn></BkTxCd><RltdPties><Dbtr><Nm>CONCARDIS GMBH</Nm><PstlAdr><AdrLine>HELFMANN PARK 7 DE 65760 ESCHBORN</AdrLine></PstlAdr></Dbtr><DbtrAcct><Id><IBAN>CH830023023065770601M</IBAN></Id></DbtrAcct><CdtrAcct><Id><IBAN>CH9209000000414939852</IBAN></Id></CdtrAcct></RltdPties><RltdAgts><DbtrAgt><FinInstnId><ClrSysMmbId><MmbId>230</MmbId></ClrSysMmbId><Nm>UBS Switzerland AG</Nm><PstlAdr><AdrLine>Bahnhofstrasse 45</AdrLine><AdrLine>8098 Zürich</AdrLine></PstlAdr></FinInstnId></DbtrAgt></RltdAgts><RmtInf><Ustrd>MC:DAT20.07.22:ZAHL-NR000008:BRUTTO</Ustrd><Ustrd>59,90:KOM0,88:VP156589289:FIL:TRX2</Ustrd><Strd><AddtlRmtInf>?REJECT?0</AddtlRmtInf><AddtlRmtInf>?ERROR?000</AddtlRmtInf></Strd></RmtInf><RltdDts><AccptncDtTm>2022-08-02T20:00:00</AccptncDtTm></RltdDts></TxDtls></NtryDtls><AddtlNtryInf>GUTSCHRIFT AUFTRAGGEBER: CONCARDIS GMBH HELFMANN PARK 7 DE 65760 ESCHBORN MITTEILUNGEN: MC:DAT20.07.22:ZAHL-NR000008:BRUTTO 59,90:KOM0,88:VP156589289:FIL:TRX2 SPESENBETRAG 0.00 CHF SHA REFERENZEN: CONCA00000004594 9901713E67522289 220802CH090ZL6P2</AddtlNtryInf></Ntry><Ntry><Amt Ccy="CHF">315.05</Amt><CdtDbtInd>CRDT</CdtDbtInd><RvslInd>false</RvslInd><Sts>BOOK</Sts><BookgDt><Dt>2022-08-02</Dt></BookgDt><ValDt><Dt>2022-08-02</Dt></ValDt><AcctSvcrRef>2142201090ZL7RMK</AcctSvcrRef><BkTxCd><Domn><Cd>PMNT</Cd><Fmly><Cd>RCDT</Cd><SubFmlyCd>ATXN</SubFmlyCd></Fmly></Domn></BkTxCd><NtryDtls><Btch><NbOfTxs>1</NbOfTxs></Btch><TxDtls><Refs><AcctSvcrRef>220802CH090ZL7RM</AcctSvcrRef><InstrId>9901713E67522290</InstrId><EndToEndId>CONCA00000004595</EndToEndId><Prtry><Tp>00</Tp><Ref>220802CH090ZL7RM</Ref></Prtry></Refs><Amt Ccy="CHF">315.05</Amt><CdtDbtInd>CRDT</CdtDbtInd><BkTxCd><Domn><Cd>PMNT</Cd><Fmly><Cd>RCDT</Cd><SubFmlyCd>ATXN</SubFmlyCd></Fmly></Domn></BkTxCd><RltdPties><Dbtr><Nm>CONCARDIS GMBH</Nm><PstlAdr><AdrLine>HELFMANN PARK 7 DE 65760 ESCHBORN</AdrLine></PstlAdr></Dbtr><DbtrAcct><Id><IBAN>CH830023023065770601M</IBAN></Id></DbtrAcct><CdtrAcct><Id><IBAN>CH9209000000414939852</IBAN></Id></CdtrAcct></RltdPties><RltdAgts><DbtrAgt><FinInstnId><ClrSysMmbId><MmbId>230</MmbId></ClrSysMmbId><Nm>UBS Switzerland AG</Nm><PstlAdr><AdrLine>Bahnhofstrasse 45</AdrLine><AdrLine>8098 Zürich</AdrLine></PstlAdr></FinInstnId></DbtrAgt></RltdAgts><RmtInf><Ustrd>MC:DAT20.07.22:ZAHL-NR000017:BRUTTO</Ustrd><Ustrd>319,60:KOM4,55:VP156589312:FIL:TRX5</Ustrd><Strd><AddtlRmtInf>?REJECT?0</AddtlRmtInf><AddtlRmtInf>?ERROR?000</AddtlRmtInf></Strd></RmtInf><RltdDts><AccptncDtTm>2022-08-02T20:00:00</AccptncDtTm></RltdDts></TxDtls></NtryDtls><AddtlNtryInf>GUTSCHRIFT AUFTRAGGEBER: CONCARDIS GMBH HELFMANN PARK 7 DE 65760 ESCHBORN MITTEILUNGEN: MC:DAT20.07.22:ZAHL-NR000017:BRUTTO 319,60:KOM4,55:VP156589312:FIL:TRX5 SPESENBETRAG 0.00 CHF SHA REFERENZEN: CONCA00000004595 9901713E67522290 220802CH090ZL7RM</AddtlNtryInf></Ntry><Ntry><Amt Ccy="CHF">11000.00</Amt><CdtDbtInd>CRDT</CdtDbtInd><RvslInd>false</RvslInd><Sts>BOOK</Sts><BookgDt><Dt>2022-08-02</Dt></BookgDt><ValDt><Dt>2022-08-02</Dt></ValDt><AcctSvcrRef>21422010911H4OBK</AcctSvcrRef><BkTxCd><Domn><Cd>PMNT</Cd><Fmly><Cd>RCDT</Cd><SubFmlyCd>ATXN</SubFmlyCd></Fmly></Domn></BkTxCd><NtryDtls><Btch><NbOfTxs>1</NbOfTxs></Btch><TxDtls><Refs><AcctSvcrRef>220802CH0911H4OB</AcctSvcrRef><InstrId>6014214H03491231</InstrId><EndToEndId>WD20220802063108</EndToEndId><Prtry><Tp>00</Tp><Ref>220802CH0911H4OB</Ref></Prtry></Refs><Amt Ccy="CHF">11000.00</Amt><CdtDbtInd>CRDT</CdtDbtInd><BkTxCd><Domn><Cd>PMNT</Cd><Fmly><Cd>RCDT</Cd><SubFmlyCd>ATXN</SubFmlyCd></Fmly></Domn></BkTxCd><RltdPties><Dbtr><Nm>PAYPAL PTE LTD</Nm><PstlAdr><AdrLine>TEMASEK BLVD 09-01 SUNTEC TOWER</AdrLine><AdrLine>5  SINGAPORE  38985 SG        3898</AdrLine></PstlAdr></Dbtr><DbtrAcct><Id><IBAN>CH0608726000030291027</IBAN></Id></DbtrAcct><CdtrAcct><Id><IBAN>CH9209000000414939852</IBAN></Id></CdtrAcct></RltdPties><RltdAgts><DbtrAgt><FinInstnId><BICFI>BOFACH2X</BICFI><Nm>BANK OF AMERICA EUROPE DESIGNATED ACTIVITY COMPANY, ZURICH BRANCH</Nm><PstlAdr><AdrLine>STOCKERSTRASSE , 23</AdrLine><AdrLine>8002 ZUERICH</AdrLine></PstlAdr></FinInstnId></DbtrAgt></RltdAgts><RmtInf><Ustrd>1021559359349</Ustrd><Strd><AddtlRmtInf>?REJECT?0</AddtlRmtInf><AddtlRmtInf>?ERROR?000</AddtlRmtInf></Strd></RmtInf><RltdDts><AccptncDtTm>2022-08-02T20:00:00</AccptncDtTm></RltdDts></TxDtls></NtryDtls><AddtlNtryInf>GUTSCHRIFT AUFTRAGGEBER: PAYPAL PTE LTD  TEMASEK BLVD 09-01 SUNTEC TOWER  5  SINGAPORE  38985 SG        3898 MITTEILUNGEN: 1021559359349 REFERENZEN: WD20220802063108 6014214H03491231 220802CH0911H4OB</AddtlNtryInf></Ntry><Ntry><NtryRef>CH9530000002414939852</NtryRef><Amt Ccy="CHF">49.90</Amt><CdtDbtInd>CRDT</CdtDbtInd><RvslInd>false</RvslInd><Sts>BOOK</Sts><BookgDt><Dt>2022-08-02</Dt></BookgDt><ValDt><Dt>2022-08-02</Dt></ValDt><AcctSvcrRef>214220009125U7NU</AcctSvcrRef><BkTxCd><Domn><Cd>PMNT</Cd><Fmly><Cd>RCDT</Cd><SubFmlyCd>VCOM</SubFmlyCd></Fmly></Domn></BkTxCd><NtryDtls><TxDtls><Refs><AcctSvcrRef>214220009125U7NU</AcctSvcrRef></Refs><Amt Ccy="CHF">49.90</Amt><CdtDbtInd>CRDT</CdtDbtInd></TxDtls></NtryDtls><AddtlNtryInf>SAMMELGUTSCHRIFT FÜR KONTO: CH9530000002414939852 VERARBEITUNG VOM 02.08.2022 PAKET ID: 220802CH00000EYD</AddtlNtryInf></Ntry><Ntry><NtryRef>CH4330000001414939852</NtryRef><Amt Ccy="CHF">13092.09</Amt><CdtDbtInd>CRDT</CdtDbtInd><RvslInd>false</RvslInd><Sts>BOOK</Sts><BookgDt><Dt>2022-08-02</Dt></BookgDt><ValDt><Dt>2022-08-02</Dt></ValDt><AcctSvcrRef>2142200091262EFU</AcctSvcrRef><BkTxCd><Domn><Cd>PMNT</Cd><Fmly><Cd>RCDT</Cd><SubFmlyCd>VCOM</SubFmlyCd></Fmly></Domn></BkTxCd><Chrgs><TtlChrgsAndTaxAmt Ccy="CHF">6.40</TtlChrgsAndTaxAmt><Rcrd><Amt Ccy="CHF">6.40</Amt><CdtDbtInd>DBIT</CdtDbtInd><ChrgInclInd>false</ChrgInclInd><Tp><Prtry><Id>2</Id></Prtry></Tp></Rcrd></Chrgs><NtryDtls><TxDtls><Refs><AcctSvcrRef>2142200091262EFU</AcctSvcrRef></Refs><Amt Ccy="CHF">13092.09</Amt><CdtDbtInd>CRDT</CdtDbtInd></TxDtls></NtryDtls><AddtlNtryInf>SAMMELGUTSCHRIFT FÜR KONTO: CH4330000001414939852 VERARBEITUNG VOM 02.08.2022 PAKET ID: 220802CH00000A3R</AddtlNtryInf></Ntry><Ntry><Amt Ccy="CHF">79.90</Amt><CdtDbtInd>CRDT</CdtDbtInd><RvslInd>false</RvslInd><Sts>BOOK</Sts><BookgDt><Dt>2022-08-02</Dt></BookgDt><ValDt><Dt>2022-08-02</Dt></ValDt><AcctSvcrRef>2142400154122374</AcctSvcrRef><BkTxCd><Domn><Cd>PMNT</Cd><Fmly><Cd>MCRD</Cd><SubFmlyCd>POSP</SubFmlyCd></Fmly></Domn></BkTxCd><NtryDtls><TxDtls><Refs><AcctSvcrRef>2142400154122374</AcctSvcrRef></Refs><Amt Ccy="CHF">79.90</Amt><CdtDbtInd>CRDT</CdtDbtInd></TxDtls></NtryDtls><AddtlNtryInf>GUTSCHRIFT E-PAYMENT-TRANSAKTIONEN POSTFINANCE CARD EINLIEFERUNG VOM 01.08.2022 eversmart products Handels GmbH PFAQ08TX0000001 https://knirschfrei.ch</AddtlNtryInf></Ntry><Ntry><Amt Ccy="CHF">59.90</Amt><CdtDbtInd>CRDT</CdtDbtInd><RvslInd>false</RvslInd><Sts>BOOK</Sts><BookgDt><Dt>2022-08-02</Dt></BookgDt><ValDt><Dt>2022-08-02</Dt></ValDt><AcctSvcrRef>2142400154122380</AcctSvcrRef><BkTxCd><Domn><Cd>PMNT</Cd><Fmly><Cd>MCRD</Cd><SubFmlyCd>POSP</SubFmlyCd></Fmly></Domn></BkTxCd><NtryDtls><TxDtls><Refs><AcctSvcrRef>2142400154122380</AcctSvcrRef></Refs><Amt Ccy="CHF">59.90</Amt><CdtDbtInd>CRDT</CdtDbtInd></TxDtls></NtryDtls><AddtlNtryInf>GUTSCHRIFT E-PAYMENT-TRANSAKTIONEN POSTFINANCE E-FINANCE EINLIEFERUNG VOM 01.08.2022 eversmart products Handels GmbH PFAQ08TZ0000001 www.fiebercheck.ch</AddtlNtryInf></Ntry></Stmt></BkToCstmrStmt></Document>
