<?xml version="1.0" encoding="UTF-8"?>
<Document xmlns="urn:iso:std:iso:20022:tech:xsd:camt.053.001.04" xmlns:xsi="http://www.w3.org/2001/XMLSchema-instance" xsi:schemaLocation="urn:iso:std:iso:20022:tech:xsd:camt.053.001.04 camt.053.001.04.xsd"><BkToCstmrStmt><GrpHdr><MsgId>20221005375204945836689</MsgId><CreDtTm>2022-10-06T01:41:04</CreDtTm><MsgPgntn><PgNb>1</PgNb><LastPgInd>true</LastPgInd></MsgPgntn><AddtlInf>SPS/1.7/PROD</AddtlInf></GrpHdr><Stmt><Id>20221005375204945836743</Id><ElctrncSeqNb>195</ElctrncSeqNb><CreDtTm>2022-10-06T01:41:04</CreDtTm><FrToDt><FrDtTm>2022-10-05T00:00:00</FrDtTm><ToDtTm>2022-10-05T23:59:59</ToDtTm></FrToDt><Acct><Id><IBAN>CH9209000000414939852</IBAN></Id><Ownr><Nm>eversmart products Handels GmbH Pfäffikon SZ</Nm></Ownr></Acct><Bal><Tp><CdOrPrtry><Cd>OPBD</Cd></CdOrPrtry></Tp><Amt Ccy="CHF">56156.28</Amt><CdtDbtInd>CRDT</CdtDbtInd><Dt><Dt>2022-10-05</Dt></Dt></Bal><Bal><Tp><CdOrPrtry><Cd>CLBD</Cd></CdOrPrtry></Tp><Amt Ccy="CHF">35760.57</Amt><CdtDbtInd>CRDT</CdtDbtInd><Dt><Dt>2022-10-05</Dt></Dt></Bal><Bal><Tp><CdOrPrtry><Cd>CLAV</Cd></CdOrPrtry></Tp><Amt Ccy="CHF">35760.57</Amt><CdtDbtInd>CRDT</CdtDbtInd><Dt><Dt>2022-10-05</Dt></Dt></Bal><Ntry><Amt Ccy="CHF">30000.00</Amt><CdtDbtInd>DBIT</CdtDbtInd><RvslInd>false</RvslInd><Sts>BOOK</Sts><BookgDt><Dt>2022-10-05</Dt></BookgDt><ValDt><Dt>2022-10-05</Dt></ValDt><AcctSvcrRef>278220009AIZPCOK</AcctSvcrRef><BkTxCd><Domn><Cd>PMNT</Cd><Fmly><Cd>ICDT</Cd><SubFmlyCd>DMCT</SubFmlyCd></Fmly></Domn></BkTxCd><NtryDtls><TxDtls><Refs><AcctSvcrRef>25-672327489-1</AcctSvcrRef><PmtInfId>25:672327489</PmtInfId></Refs><Amt Ccy="CHF">30000.00</Amt><CdtDbtInd>DBIT</CdtDbtInd><BkTxCd><Domn><Cd>PMNT</Cd><Fmly><Cd>ICDT</Cd><SubFmlyCd>DMCT</SubFmlyCd></Fmly></Domn></BkTxCd><RltdPties><Cdtr><Nm>Godetra AG</Nm><PstlAdr><Ctry>CH</Ctry></PstlAdr></Cdtr><CdtrAcct><Id><IBAN>CH1504835030036301000</IBAN></Id></CdtrAcct></RltdPties><RltdAgts><CdtrAgt><FinInstnId><BICFI>CRESCHZZ80A</BICFI><Nm>Credit Suisse (Schweiz) AG</Nm><PstlAdr><Ctry>CH</Ctry><AdrLine>Paradeplatz 8 8070 Zürich</AdrLine></PstlAdr></FinInstnId></CdtrAgt></RltdAgts><RmtInf><Ustrd>Fulfillment Akonto</Ustrd><Strd><AddtlRmtInf>Fulfillment Akonto</AddtlRmtInf></Strd></RmtInf></TxDtls></NtryDtls><AddtlNtryInf>LASTSCHRIFT CREDIT SUISSE (SCHWEIZ) AG PARADEPLATZ 8 8070 ZÜRICH CH1504835030036301000 GODETRA AG SENDER REFERENZ: FULFILLMENT AKONTO</AddtlNtryInf></Ntry><Ntry><Amt Ccy="CHF">158.90</Amt><CdtDbtInd>DBIT</CdtDbtInd><RvslInd>false</RvslInd><Sts>BOOK</Sts><BookgDt><Dt>2022-10-05</Dt></BookgDt><ValDt><Dt>2022-10-05</Dt></ValDt><AcctSvcrRef>278220009AIMFVDK</AcctSvcrRef><BkTxCd><Domn><Cd>PMNT</Cd><Fmly><Cd>ICDT</Cd><SubFmlyCd>BOOK</SubFmlyCd></Fmly></Domn></BkTxCd><NtryDtls><TxDtls><Refs><AcctSvcrRef>25-672328789-1</AcctSvcrRef><PmtInfId>25:672328789</PmtInfId><InstrId>20221004000800634719616</InstrId></Refs><Amt Ccy="CHF">158.90</Amt><CdtDbtInd>DBIT</CdtDbtInd><BkTxCd><Domn><Cd>PMNT</Cd><Fmly><Cd>ICDT</Cd><SubFmlyCd>BOOK</SubFmlyCd></Fmly></Domn></BkTxCd><RltdPties><Cdtr><Nm>Kupschina Carmen</Nm><PstlAdr><Ctry>CH</Ctry><AdrLine>Dietlikon</AdrLine></PstlAdr></Cdtr><CdtrAcct><Id><IBAN>CH2909000000875058740</IBAN></Id></CdtrAcct></RltdPties><RltdAgts><CdtrAgt><FinInstnId><BICFI>POFICHBEXXX</BICFI><PstlAdr><Ctry>CH</Ctry></PstlAdr></FinInstnId></CdtrAgt></RltdAgts><RmtInf><Ustrd>RE-91271 - Marcel Gehrke Storno</Ustrd><Strd><AddtlRmtInf>RE-91271 - Marcel Gehrke Storno</AddtlRmtInf></Strd></RmtInf></TxDtls></NtryDtls><AddtlNtryInf>LASTSCHRIFT CH2909000000875058740 KUPSCHINA CARMEN DIETLIKON SENDER REFERENZ: RE-91271 - MARCEL GEHRKE STORNO 20221004000800634719616</AddtlNtryInf></Ntry><Ntry><Amt Ccy="CHF">129.00</Amt><CdtDbtInd>DBIT</CdtDbtInd><RvslInd>false</RvslInd><Sts>BOOK</Sts><BookgDt><Dt>2022-10-05</Dt></BookgDt><ValDt><Dt>2022-10-05</Dt></ValDt><AcctSvcrRef>278220009AIJ0GSK</AcctSvcrRef><BkTxCd><Domn><Cd>PMNT</Cd><Fmly><Cd>ICDT</Cd><SubFmlyCd>DMCT</SubFmlyCd></Fmly></Domn></BkTxCd><NtryDtls><TxDtls><Refs><AcctSvcrRef>25-672324901-1</AcctSvcrRef><PmtInfId>25:672324901</PmtInfId><InstrId>20221004000800634596587</InstrId></Refs><Amt Ccy="CHF">129.00</Amt><CdtDbtInd>DBIT</CdtDbtInd><BkTxCd><Domn><Cd>PMNT</Cd><Fmly><Cd>ICDT</Cd><SubFmlyCd>DMCT</SubFmlyCd></Fmly></Domn></BkTxCd><RltdPties><Cdtr><Nm>Heinz Hosmann</Nm><PstlAdr><Ctry>CH</Ctry></PstlAdr></Cdtr><CdtrAcct><Id><IBAN>CH6306300016600986000</IBAN></Id></CdtrAcct></RltdPties><RltdAgts><CdtrAgt><FinInstnId><BICFI>VABECH22XXX</BICFI><Nm>Valiant Bank AG</Nm><PstlAdr><Ctry>CH</Ctry><AdrLine>Bundesplatz 4 3001 Bern</AdrLine></PstlAdr></FinInstnId></CdtrAgt></RltdAgts><RmtInf><Ustrd>RE-90136 Kabelwanne</Ustrd><Strd><AddtlRmtInf>RE-90136 Kabelwanne Storno</AddtlRmtInf></Strd></RmtInf></TxDtls></NtryDtls><AddtlNtryInf>LASTSCHRIFT VALIANT BANK AG BUNDESPLATZ 4 3001 BERN CH6306300016600986000 HEINZ HOSMANN SENDER REFERENZ: RE-90136 KABELWANNE STORNO 20221004000800634596587</AddtlNtryInf></Ntry><Ntry><NtryRef>CH9209000000414939852</NtryRef><Amt Ccy="CHF">799.00</Amt><CdtDbtInd>CRDT</CdtDbtInd><RvslInd>false</RvslInd><Sts>BOOK</Sts><BookgDt><Dt>2022-10-05</Dt></BookgDt><ValDt><Dt>2022-10-05</Dt></ValDt><AcctSvcrRef>278220109AR5NUEK</AcctSvcrRef><BkTxCd><Domn><Cd>PMNT</Cd><Fmly><Cd>RCDT</Cd><SubFmlyCd>ATXN</SubFmlyCd></Fmly></Domn></BkTxCd><NtryDtls><Btch><NbOfTxs>1</NbOfTxs></Btch><TxDtls><Refs><AcctSvcrRef>221005CH09AR5NUE</AcctSvcrRef><InstrId>227807857760001</InstrId><EndToEndId>NOTPROVIDED</EndToEndId><Prtry><Tp>00</Tp><Ref>221005CH09AR5NUE</Ref></Prtry></Refs><Amt Ccy="CHF">799.00</Amt><CdtDbtInd>CRDT</CdtDbtInd><BkTxCd><Domn><Cd>PMNT</Cd><Fmly><Cd>RCDT</Cd><SubFmlyCd>ATXN</SubFmlyCd></Fmly></Domn></BkTxCd><RltdPties><Dbtr><Nm>Loic Vollenweider</Nm><PstlAdr><StrtNm>Undermueli</StrtNm><BldgNb>1</BldgNb><PstCd>8460</PstCd><TwnNm>Marthalen</TwnNm><Ctry>CH</Ctry></PstlAdr></Dbtr><DbtrAcct><Id><IBAN>CH7200700350048916694</IBAN></Id></DbtrAcct><CdtrAcct><Id><IBAN>CH9209000000414939852</IBAN></Id></CdtrAcct></RltdPties><RltdAgts><DbtrAgt><FinInstnId><ClrSysMmbId><MmbId>700</MmbId></ClrSysMmbId><Nm>Zürcher Kantonalbank</Nm><PstlAdr><AdrLine>8010 Zürich</AdrLine></PstlAdr></FinInstnId></DbtrAgt></RltdAgts><RmtInf><Ustrd>Stehtisch Vorkasse</Ustrd><Strd><AddtlRmtInf>?REJECT?0</AddtlRmtInf><AddtlRmtInf>?ERROR?000</AddtlRmtInf></Strd></RmtInf><RltdDts><AccptncDtTm>2022-10-05T20:00:00</AccptncDtTm></RltdDts></TxDtls></NtryDtls><AddtlNtryInf>GUTSCHRIFT AUFTRAGGEBER: LOIC VOLLENWEIDER UNDERMUELI 1 8460 MARTHALEN MITTEILUNGEN: STEHTISCH VORKASSE REFERENZEN: NOTPROVIDED 227807857760001 221005CH09AR5NUE</AddtlNtryInf></Ntry><Ntry><NtryRef>CH9209000000414939852</NtryRef><Amt Ccy="CHF">1077.00</Amt><CdtDbtInd>CRDT</CdtDbtInd><RvslInd>false</RvslInd><Sts>BOOK</Sts><BookgDt><Dt>2022-10-05</Dt></BookgDt><ValDt><Dt>2022-10-05</Dt></ValDt><AcctSvcrRef>278220109ARERRNK</AcctSvcrRef><BkTxCd><Domn><Cd>PMNT</Cd><Fmly><Cd>RCDT</Cd><SubFmlyCd>ATXN</SubFmlyCd></Fmly></Domn></BkTxCd><NtryDtls><Btch><NbOfTxs>1</NbOfTxs></Btch><TxDtls><Refs><AcctSvcrRef>221005CH09ARERRN</AcctSvcrRef><InstrId>07842654BE0299E8</InstrId><EndToEndId>541600000598252009</EndToEndId><Prtry><Tp>00</Tp><Ref>221005CH09ARERRN</Ref></Prtry></Refs><Amt Ccy="CHF">1077.00</Amt><CdtDbtInd>CRDT</CdtDbtInd><BkTxCd><Domn><Cd>PMNT</Cd><Fmly><Cd>RCDT</Cd><SubFmlyCd>ATXN</SubFmlyCd></Fmly></Domn></BkTxCd><RltdPties><Dbtr><Nm>Roth Thomas</Nm><PstlAdr><StrtNm>Kasernenstrasse</StrtNm><BldgNb>5</BldgNb><PstCd>3600</PstCd><TwnNm>Thun</TwnNm><Ctry>CH</Ctry></PstlAdr></Dbtr><DbtrAcct><Id><IBAN>CH1400790016250306973</IBAN></Id></DbtrAcct><CdtrAcct><Id><IBAN>CH9209000000414939852</IBAN></Id></CdtrAcct></RltdPties><RltdAgts><DbtrAgt><FinInstnId><ClrSysMmbId><MmbId>79025</MmbId></ClrSysMmbId><Nm>Berner Kantonalbank AG</Nm><PstlAdr><AdrLine>3601 Thun</AdrLine></PstlAdr></FinInstnId></DbtrAgt></RltdAgts><RmtInf><Ustrd>RE-93414</Ustrd><Strd><AddtlRmtInf>?REJECT?0</AddtlRmtInf><AddtlRmtInf>?ERROR?000</AddtlRmtInf></Strd></RmtInf><RltdDts><AccptncDtTm>2022-10-05T20:00:00</AccptncDtTm></RltdDts></TxDtls></NtryDtls><AddtlNtryInf>GUTSCHRIFT AUFTRAGGEBER: ROTH THOMAS KASERNENSTRASSE 5 3600 THUN MITTEILUNGEN: RE-93414 REFERENZEN: 541600000598252009 07842654BE0299E8 221005CH09ARERRN</AddtlNtryInf></Ntry><Ntry><NtryRef>CH9209000000414939852</NtryRef><Amt Ccy="CHF">930.48</Amt><CdtDbtInd>CRDT</CdtDbtInd><RvslInd>false</RvslInd><Sts>BOOK</Sts><BookgDt><Dt>2022-10-05</Dt></BookgDt><ValDt><Dt>2022-10-05</Dt></ValDt><AcctSvcrRef>278220109ARP7SZK</AcctSvcrRef><BkTxCd><Domn><Cd>PMNT</Cd><Fmly><Cd>RCDT</Cd><SubFmlyCd>ATXN</SubFmlyCd></Fmly></Domn></BkTxCd><NtryDtls><Btch><NbOfTxs>1</NbOfTxs></Btch><TxDtls><Refs><AcctSvcrRef>221005CH09ARP7SZ</AcctSvcrRef><InstrId>9908277TI8805808</InstrId><EndToEndId>NOTPROVIDED</EndToEndId><Prtry><Tp>00</Tp><Ref>221005CH09ARP7SZ</Ref></Prtry></Refs><Amt Ccy="CHF">930.48</Amt><CdtDbtInd>CRDT</CdtDbtInd><BkTxCd><Domn><Cd>PMNT</Cd><Fmly><Cd>RCDT</Cd><SubFmlyCd>ATXN</SubFmlyCd></Fmly></Domn></BkTxCd><RltdPties><Dbtr><Nm>SCHULDTITEL ONLINE AG</Nm><PstlAdr><AdrLine>C/O ADVERTA TREUHAND AG QUADERSTRAS</AdrLine><AdrLine>SE 11 CH 7001 CHUR</AdrLine></PstlAdr></Dbtr><DbtrAcct><Id><IBAN>CH880020820892074501D</IBAN></Id></DbtrAcct><CdtrAcct><Id><IBAN>CH9209000000414939852</IBAN></Id></CdtrAcct></RltdPties><RltdAgts><DbtrAgt><FinInstnId><ClrSysMmbId><MmbId>208</MmbId></ClrSysMmbId><Nm>UBS Switzerland AG</Nm><PstlAdr><AdrLine>Poststrasse 1</AdrLine><AdrLine>7002 Chur</AdrLine></PstlAdr></FinInstnId></DbtrAgt></RltdAgts><RmtInf><Ustrd>ABR 817 15 </Ustrd><Strd><AddtlRmtInf>?REJECT?0</AddtlRmtInf><AddtlRmtInf>?ERROR?000</AddtlRmtInf></Strd></RmtInf><RltdDts><AccptncDtTm>2022-10-05T20:00:00</AccptncDtTm></RltdDts></TxDtls></NtryDtls><AddtlNtryInf>GUTSCHRIFT AUFTRAGGEBER: SCHULDTITEL ONLINE AG C/O ADVERTA TREUHAND AG QUADERSTRAS SE 11 CH 7001 CHUR MITTEILUNGEN: ABR 817 15  SPESENBETRAG 0.00 CHF SHA REFERENZEN: NOTPROVIDED 9908277TI8805808 221005CH09ARP7SZ</AddtlNtryInf></Ntry><Ntry><NtryRef>CH9209000000414939852</NtryRef><Amt Ccy="CHF">3878.47</Amt><CdtDbtInd>CRDT</CdtDbtInd><RvslInd>false</RvslInd><Sts>BOOK</Sts><BookgDt><Dt>2022-10-05</Dt></BookgDt><ValDt><Dt>2022-10-05</Dt></ValDt><AcctSvcrRef>278220009AKF3IWK</AcctSvcrRef><BkTxCd><Domn><Cd>PMNT</Cd><Fmly><Cd>RCDT</Cd><SubFmlyCd>AUTT</SubFmlyCd></Fmly></Domn></BkTxCd><NtryDtls><Btch><NbOfTxs>1</NbOfTxs></Btch><TxDtls><Refs><MsgId>TWINT20221003-101-Merchant</MsgId><AcctSvcrRef>221004CH09AKF3IW</AcctSvcrRef><PmtInfId>TWINT20221003-101-Merchant-B1</PmtInfId><InstrId>93909001098d47389ed72d19ba6c06c8</InstrId><EndToEndId>TWINT20221003-101-Merchant-B1</EndToEndId><Prtry><Tp>00</Tp><Ref>221004CH09AKF3IW</Ref></Prtry></Refs><Amt Ccy="CHF">3878.47</Amt><CdtDbtInd>CRDT</CdtDbtInd><BkTxCd><Domn><Cd>PMNT</Cd><Fmly><Cd>RCDT</Cd><SubFmlyCd>AUTT</SubFmlyCd></Fmly></Domn></BkTxCd><RltdPties><Dbtr><Nm>TWINT Acquiring AG</Nm><PstlAdr><StrtNm>Stauffacherstrasse</StrtNm><BldgNb>41</BldgNb><PstCd>8004</PstCd><TwnNm>Zürich</TwnNm><Ctry>CH</Ctry></PstlAdr></Dbtr><DbtrAcct><Id><IBAN>CH6609000000313087410</IBAN></Id></DbtrAcct><CdtrAcct><Id><IBAN>CH9209000000414939852</IBAN></Id></CdtrAcct></RltdPties><RltdAgts><DbtrAgt><FinInstnId><BICFI>POFICHBEXXX</BICFI><Nm>POSTFINANCE AG</Nm><PstlAdr><AdrLine>MINGERSTRASSE , 20</AdrLine><AdrLine>3030 BERN</AdrLine></PstlAdr></FinInstnId></DbtrAgt></RltdAgts><RmtInf><Ustrd>999999 TWINT TWINT Auszahlungen Pay</Ustrd><Ustrd>out 20221004                       </Ustrd><Ustrd>   Gross: 3929.58 Fees: -51.11</Ustrd><Strd><AddtlRmtInf>?REJECT?0</AddtlRmtInf><AddtlRmtInf>?ERROR?000</AddtlRmtInf></Strd></RmtInf><RltdDts><AccptncDtTm>2022-10-05T20:00:00</AccptncDtTm></RltdDts></TxDtls></NtryDtls><AddtlNtryInf>GUTSCHRIFT CH6609000000313087410 ABSENDER: TWINT ACQUIRING AG STAUFFACHERSTRASSE 41 8004 ZÜRICH MITTEILUNGEN: 999999 TWINT TWINT AUSZAHLUNGEN PAY OUT 20221004                           GROSS: 3929.58 FEES: -51.11 REFERENZEN: TWINT20221003-101-MERCHANT-B1</AddtlNtryInf></Ntry><Ntry><Amt Ccy="CHF">6041.92</Amt><CdtDbtInd>DBIT</CdtDbtInd><RvslInd>false</RvslInd><Sts>BOOK</Sts><BookgDt><Dt>2022-10-05</Dt></BookgDt><ValDt><Dt>2022-10-05</Dt></ValDt><AcctSvcrRef>278220009ANVX77K</AcctSvcrRef><BkTxCd><Domn><Cd>PMNT</Cd><Fmly><Cd>ICDT</Cd><SubFmlyCd>XBCT</SubFmlyCd></Fmly></Domn></BkTxCd><NtryDtls><TxDtls><Refs><AcctSvcrRef>25-672444075-1</AcctSvcrRef><PmtInfId>25:672444075</PmtInfId><InstrId>20221004000800638459718</InstrId></Refs><Amt Ccy="CHF">6041.92</Amt><CdtDbtInd>DBIT</CdtDbtInd><AmtDtls><InstdAmt><Amt Ccy="USD">6079.00</Amt><CcyXchg><SrcCcy>USD</SrcCcy><XchgRate>0.9939</XchgRate></CcyXchg></InstdAmt></AmtDtls><BkTxCd><Domn><Cd>PMNT</Cd><Fmly><Cd>ICDT</Cd><SubFmlyCd>XBCT</SubFmlyCd></Fmly></Domn></BkTxCd><RltdPties><Cdtr><Nm>Luoyang Blue Whale Office Furniture Co., Ltd.</Nm><PstlAdr><StrtNm>8 Shenton Way, #45-01, AXA Tower</StrtNm><BldgNb>8</BldgNb><PstCd>068811</PstCd><TwnNm>Singapore</TwnNm><Ctry>SG</Ctry></PstlAdr></Cdtr><CdtrAcct><Id><Othr><Id>10000129635417</Id></Othr></Id></CdtrAcct></RltdPties><RltdAgts><CdtrAgt><FinInstnId><BICFI>CHASSGSGXXX</BICFI><Nm>JPMORGAN CHASE BANK, N.A.</Nm><PstlAdr><Ctry>SG</Ctry><AdrLine>MARKET STREET, 88CAPITASPRINGFLOOR  048948 SINGAPORE</AdrLine></PstlAdr></FinInstnId></CdtrAgt></RltdAgts><RmtInf><Ustrd>148948751001022575</Ustrd><Strd><AddtlRmtInf>2/2 Zahlung Korpus / Rollcontainer</AddtlRmtInf></Strd></RmtInf></TxDtls></NtryDtls><AddtlNtryInf>GIRO INTERNATIONAL USD 6'079.00 ZUM KURS VON 0.9939 JPMORGAN CHASE BANK, N.A. MARKET STREET, 88CAPITASPRINGFLOOR  048948 SINGAPORE 10000129635417 LUOYANG BLUE WHALE OFFICE FURNITURE  CO., LTD. 8 SHENTON WAY, #45-01, AXA TOWER 8 068811 SINGAPORE SENDER REFERENZ: 2/2 ZAHLUNG KORPUS / ROLLCONTAINER 20221004000800638459718</AddtlNtryInf></Ntry><Ntry><NtryRef>CH9530000002414939852</NtryRef><Amt Ccy="CHF">79.80</Amt><CdtDbtInd>CRDT</CdtDbtInd><RvslInd>false</RvslInd><Sts>BOOK</Sts><BookgDt><Dt>2022-10-05</Dt></BookgDt><ValDt><Dt>2022-10-05</Dt></ValDt><AcctSvcrRef>278220009AX1VRTU</AcctSvcrRef><BkTxCd><Domn><Cd>PMNT</Cd><Fmly><Cd>RCDT</Cd><SubFmlyCd>VCOM</SubFmlyCd></Fmly></Domn></BkTxCd><Chrgs><TtlChrgsAndTaxAmt Ccy="CHF">1.60</TtlChrgsAndTaxAmt><Rcrd><Amt Ccy="CHF">1.60</Amt><CdtDbtInd>DBIT</CdtDbtInd><ChrgInclInd>false</ChrgInclInd><Tp><Prtry><Id>2</Id></Prtry></Tp></Rcrd></Chrgs><NtryDtls><TxDtls><Refs><AcctSvcrRef>278220009AX1VRTU</AcctSvcrRef></Refs><Amt Ccy="CHF">79.80</Amt><CdtDbtInd>CRDT</CdtDbtInd></TxDtls></NtryDtls><AddtlNtryInf>SAMMELGUTSCHRIFT FÜR KONTO: CH9530000002414939852 VERARBEITUNG VOM 05.10.2022 PAKET ID: 221005CH00000E1R</AddtlNtryInf></Ntry><Ntry><NtryRef>CH4330000001414939852</NtryRef><Amt Ccy="CHF">7913.46</Amt><CdtDbtInd>CRDT</CdtDbtInd><RvslInd>false</RvslInd><Sts>BOOK</Sts><BookgDt><Dt>2022-10-05</Dt></BookgDt><ValDt><Dt>2022-10-05</Dt></ValDt><AcctSvcrRef>278220009AX1WXXU</AcctSvcrRef><BkTxCd><Domn><Cd>PMNT</Cd><Fmly><Cd>RCDT</Cd><SubFmlyCd>VCOM</SubFmlyCd></Fmly></Domn></BkTxCd><Chrgs><TtlChrgsAndTaxAmt Ccy="CHF">5.15</TtlChrgsAndTaxAmt><Rcrd><Amt Ccy="CHF">5.15</Amt><CdtDbtInd>DBIT</CdtDbtInd><ChrgInclInd>false</ChrgInclInd><Tp><Prtry><Id>2</Id></Prtry></Tp></Rcrd></Chrgs><NtryDtls><TxDtls><Refs><AcctSvcrRef>278220009AX1WXXU</AcctSvcrRef></Refs><Amt Ccy="CHF">7913.46</Amt><CdtDbtInd>CRDT</CdtDbtInd></TxDtls></NtryDtls><AddtlNtryInf>SAMMELGUTSCHRIFT FÜR KONTO: CH4330000001414939852 VERARBEITUNG VOM 05.10.2022 PAKET ID: 221005CH0000084V</AddtlNtryInf></Ntry><Ntry><Amt Ccy="CHF">59.90</Amt><CdtDbtInd>CRDT</CdtDbtInd><RvslInd>false</RvslInd><Sts>BOOK</Sts><BookgDt><Dt>2022-10-05</Dt></BookgDt><ValDt><Dt>2022-10-05</Dt></ValDt><AcctSvcrRef>2782400256703043</AcctSvcrRef><BkTxCd><Domn><Cd>PMNT</Cd><Fmly><Cd>MCRD</Cd><SubFmlyCd>POSP</SubFmlyCd></Fmly></Domn></BkTxCd><NtryDtls><TxDtls><Refs><AcctSvcrRef>2782400256703043</AcctSvcrRef></Refs><Amt Ccy="CHF">59.90</Amt><CdtDbtInd>CRDT</CdtDbtInd></TxDtls></NtryDtls><AddtlNtryInf>GUTSCHRIFT E-PAYMENT-TRANSAKTIONEN POSTFINANCE CARD EINLIEFERUNG VOM 04.10.2022 EVERSMART PRODUCTS HANDELS GMBH PFAQ08YK0000001 WWW.FERSENSPORN-FREI.CH</AddtlNtryInf></Ntry><Ntry><Amt Ccy="CHF">1196.00</Amt><CdtDbtInd>CRDT</CdtDbtInd><RvslInd>false</RvslInd><Sts>BOOK</Sts><BookgDt><Dt>2022-10-05</Dt></BookgDt><ValDt><Dt>2022-10-05</Dt></ValDt><AcctSvcrRef>2782400256703118</AcctSvcrRef><BkTxCd><Domn><Cd>PMNT</Cd><Fmly><Cd>MCRD</Cd><SubFmlyCd>POSP</SubFmlyCd></Fmly></Domn></BkTxCd><NtryDtls><TxDtls><Refs><AcctSvcrRef>2782400256703118</AcctSvcrRef></Refs><Amt Ccy="CHF">1196.00</Amt><CdtDbtInd>CRDT</CdtDbtInd></TxDtls></NtryDtls><AddtlNtryInf>GUTSCHRIFT E-PAYMENT-TRANSAKTIONEN POSTFINANCE CARD EINLIEFERUNG VOM 04.10.2022 EVERSMART PRODUCTS HANDELS GMBH PFAQ08TC0000001 WWW.MEIN-STEHTISCH.CH</AddtlNtryInf></Ntry></Stmt></BkToCstmrStmt></Document>
