<?xml version="1.0" encoding="UTF-8"?>
<Document xmlns="urn:iso:std:iso:20022:tech:xsd:camt.053.001.04" xmlns:xsi="http://www.w3.org/2001/XMLSchema-instance" xsi:schemaLocation="urn:iso:std:iso:20022:tech:xsd:camt.053.001.04 camt.053.001.04.xsd"><BkToCstmrStmt><GrpHdr><MsgId>20220531375204849004989</MsgId><CreDtTm>2022-06-01T01:35:59</CreDtTm><MsgPgntn><PgNb>1</PgNb><LastPgInd>true</LastPgInd></MsgPgntn><AddtlInf>SPS/1.7/PROD</AddtlInf></GrpHdr><Stmt><Id>20220531375204849005019</Id><ElctrncSeqNb>105</ElctrncSeqNb><CreDtTm>2022-06-01T01:35:59</CreDtTm><FrToDt><FrDtTm>2022-05-31T00:00:00</FrDtTm><ToDtTm>2022-05-31T23:59:59</ToDtTm></FrToDt><Acct><Id><IBAN>CH1209000000917587047</IBAN></Id><Ownr><Nm>eversmart products Handels GmbH Pfäffikon SZ</Nm></Ownr></Acct><Bal><Tp><CdOrPrtry><Cd>OPBD</Cd></CdOrPrtry></Tp><Amt Ccy="EUR">1050.82</Amt><CdtDbtInd>CRDT</CdtDbtInd><Dt><Dt>2022-05-31</Dt></Dt></Bal><Bal><Tp><CdOrPrtry><Cd>CLBD</Cd></CdOrPrtry></Tp><Amt Ccy="EUR">1105.88</Amt><CdtDbtInd>CRDT</CdtDbtInd><Dt><Dt>2022-05-31</Dt></Dt></Bal><Bal><Tp><CdOrPrtry><Cd>CLAV</Cd></CdOrPrtry></Tp><Amt Ccy="EUR">1105.88</Amt><CdtDbtInd>CRDT</CdtDbtInd><Dt><Dt>2022-05-31</Dt></Dt></Bal><Ntry><Amt Ccy="EUR">4.84</Amt><CdtDbtInd>DBIT</CdtDbtInd><RvslInd>false</RvslInd><Sts>BOOK</Sts><BookgDt><Dt>2022-05-31</Dt></BookgDt><ValDt><Dt>2022-05-31</Dt></ValDt><AcctSvcrRef>1512100166440491</AcctSvcrRef><BkTxCd><Domn><Cd>ACMT</Cd><Fmly><Cd>ADOP</Cd><SubFmlyCd>CHRG</SubFmlyCd></Fmly></Domn></BkTxCd><NtryDtls><TxDtls><Refs><AcctSvcrRef>1512100166440491</AcctSvcrRef></Refs><Amt Ccy="EUR">4.84</Amt><CdtDbtInd>DBIT</CdtDbtInd></TxDtls></NtryDtls><AddtlNtryInf>PREIS FÜR DIE KONTOFÜHRUNG</AddtlNtryInf></Ntry><Ntry><Amt Ccy="EUR">59.90</Amt><CdtDbtInd>CRDT</CdtDbtInd><RvslInd>false</RvslInd><Sts>BOOK</Sts><BookgDt><Dt>2022-05-31</Dt></BookgDt><ValDt><Dt>2022-05-31</Dt></ValDt><AcctSvcrRef>151220008RIQTGZK</AcctSvcrRef><BkTxCd><Domn><Cd>PMNT</Cd><Fmly><Cd>RCDT</Cd><SubFmlyCd>ATXN</SubFmlyCd></Fmly></Domn></BkTxCd><NtryDtls><Btch><NbOfTxs>1</NbOfTxs></Btch><TxDtls><Refs><AcctSvcrRef>220531CH08RIQTGZ</AcctSvcrRef><InstrId>COKSDE33XXX-H0915138377539j4</InstrId><EndToEndId>NOTPROVIDED</EndToEndId><Prtry><Tp>00</Tp><Ref>220531CH08RIQTGZ</Ref></Prtry></Refs><Amt Ccy="EUR">59.90</Amt><CdtDbtInd>CRDT</CdtDbtInd><BkTxCd><Domn><Cd>PMNT</Cd><Fmly><Cd>RCDT</Cd><SubFmlyCd>ATXN</SubFmlyCd></Fmly></Domn></BkTxCd><RltdPties><Dbtr><Nm>Margarete Schmeling</Nm><PstlAdr><AdrLine>Bahnhofstr. 36 50389 Wesseling</AdrLine></PstlAdr></Dbtr><DbtrAcct><Id><IBAN>DE77370502991184026035</IBAN></Id></DbtrAcct><CdtrAcct><Id><IBAN>CH1209000000917587047</IBAN></Id></CdtrAcct></RltdPties><RltdAgts><DbtrAgt><FinInstnId><BICFI>COKSDE33XXX</BICFI><Nm>KREISSPARKASSE KOELN</Nm><PstlAdr><AdrLine>NEUMARKT 18-24</AdrLine><AdrLine>50667 KOELN</AdrLine></PstlAdr></FinInstnId></DbtrAgt></RltdAgts><RmtInf><Ustrd>re 86055 v.3.5.22</Ustrd><Strd><AddtlRmtInf>?REJECT?0</AddtlRmtInf><AddtlRmtInf>?ERROR?000</AddtlRmtInf></Strd></RmtInf><RltdDts><AccptncDtTm>2022-05-31T20:00:00</AccptncDtTm></RltdDts></TxDtls></NtryDtls><AddtlNtryInf>GUTSCHRIFT SEPA TRANSAKTION AUFTRAGGEBER: Margarete Schmeling Bahnhofstr. 36 50389 Wesseling MITTEILUNGEN: re 86055 v.3.5.22 REFERENZEN: NOTPROVIDED COKSDE33XXX-H0915138377539j4 220531CH08RIQTGZ</AddtlNtryInf></Ntry></Stmt></BkToCstmrStmt></Document>
