<?xml version="1.0" encoding="UTF-8"?>
<Document xmlns="urn:iso:std:iso:20022:tech:xsd:camt.053.001.04" xmlns:xsi="http://www.w3.org/2001/XMLSchema-instance" xsi:schemaLocation="urn:iso:std:iso:20022:tech:xsd:camt.053.001.04 camt.053.001.04.xsd"><BkToCstmrStmt><GrpHdr><MsgId>20221109375204973011918</MsgId><CreDtTm>2022-11-10T01:32:02</CreDtTm><MsgPgntn><PgNb>1</PgNb><LastPgInd>true</LastPgInd></MsgPgntn><AddtlInf>SPS/1.7/PROD</AddtlInf></GrpHdr><Stmt><Id>20221109375204973011950</Id><ElctrncSeqNb>220</ElctrncSeqNb><CreDtTm>2022-11-10T01:32:02</CreDtTm><FrToDt><FrDtTm>2022-11-09T00:00:00</FrDtTm><ToDtTm>2022-11-09T23:59:59</ToDtTm></FrToDt><Acct><Id><IBAN>CH9209000000414939852</IBAN></Id><Ownr><Nm>eversmart products Handels GmbH Pfäffikon SZ</Nm></Ownr></Acct><Bal><Tp><CdOrPrtry><Cd>OPBD</Cd></CdOrPrtry></Tp><Amt Ccy="CHF">47911.99</Amt><CdtDbtInd>CRDT</CdtDbtInd><Dt><Dt>2022-11-09</Dt></Dt></Bal><Bal><Tp><CdOrPrtry><Cd>CLBD</Cd></CdOrPrtry></Tp><Amt Ccy="CHF">28965.47</Amt><CdtDbtInd>CRDT</CdtDbtInd><Dt><Dt>2022-11-09</Dt></Dt></Bal><Bal><Tp><CdOrPrtry><Cd>CLAV</Cd></CdOrPrtry></Tp><Amt Ccy="CHF">28965.47</Amt><CdtDbtInd>CRDT</CdtDbtInd><Dt><Dt>2022-11-09</Dt></Dt></Bal><Ntry><NtryRef>CH9209000000414939852</NtryRef><Amt Ccy="CHF">5853.88</Amt><CdtDbtInd>CRDT</CdtDbtInd><RvslInd>false</RvslInd><Sts>BOOK</Sts><BookgDt><Dt>2022-11-09</Dt></BookgDt><ValDt><Dt>2022-11-09</Dt></ValDt><AcctSvcrRef>313220009FWFFF0K</AcctSvcrRef><BkTxCd><Domn><Cd>PMNT</Cd><Fmly><Cd>RCDT</Cd><SubFmlyCd>AUTT</SubFmlyCd></Fmly></Domn></BkTxCd><NtryDtls><Btch><NbOfTxs>1</NbOfTxs></Btch><TxDtls><Refs><MsgId>TWINT20221107-101-Merchant</MsgId><AcctSvcrRef>221108CH09FWFFF0</AcctSvcrRef><PmtInfId>TWINT20221107-101-Merchant-B1</PmtInfId><InstrId>9825b4c8f65d4f5c8cbddf2ec5343db8</InstrId><EndToEndId>TWINT20221107-101-Merchant-B1</EndToEndId><Prtry><Tp>00</Tp><Ref>221108CH09FWFFF0</Ref></Prtry></Refs><Amt Ccy="CHF">5853.88</Amt><CdtDbtInd>CRDT</CdtDbtInd><BkTxCd><Domn><Cd>PMNT</Cd><Fmly><Cd>RCDT</Cd><SubFmlyCd>AUTT</SubFmlyCd></Fmly></Domn></BkTxCd><RltdPties><Dbtr><Nm>TWINT Acquiring AG</Nm><PstlAdr><StrtNm>Stauffacherstrasse</StrtNm><BldgNb>41</BldgNb><PstCd>8004</PstCd><TwnNm>Zürich</TwnNm><Ctry>CH</Ctry></PstlAdr></Dbtr><DbtrAcct><Id><IBAN>CH6609000000313087410</IBAN></Id></DbtrAcct><CdtrAcct><Id><IBAN>CH9209000000414939852</IBAN></Id></CdtrAcct></RltdPties><RltdAgts><DbtrAgt><FinInstnId><BICFI>POFICHBEXXX</BICFI><Nm>POSTFINANCE AG</Nm><PstlAdr><AdrLine>MINGERSTRASSE 20</AdrLine><AdrLine>3030 BERN</AdrLine></PstlAdr></FinInstnId></DbtrAgt></RltdAgts><RmtInf><Ustrd>999999 TWINT TWINT Auszahlungen Pay</Ustrd><Ustrd>out 20221108                       </Ustrd><Ustrd>   Gross: 5931.02 Fees: -77.14</Ustrd><Strd><AddtlRmtInf>?REJECT?000</AddtlRmtInf><AddtlRmtInf>?ERROR?000</AddtlRmtInf></Strd></RmtInf><RltdDts><AccptncDtTm>2022-11-09T20:00:00</AccptncDtTm></RltdDts></TxDtls></NtryDtls><AddtlNtryInf>GUTSCHRIFT CH6609000000313087410 ABSENDER: TWINT ACQUIRING AG STAUFFACHERSTRASSE 41 8004 ZÜRICH MITTEILUNGEN: 999999 TWINT TWINT AUSZAHLUNGEN PAY OUT 20221108                           GROSS: 5931.02 FEES: -77.14 REFERENZEN: TWINT20221107-101-MERCHANT-B1</AddtlNtryInf></Ntry><Ntry><Amt Ccy="CHF">30000.00</Amt><CdtDbtInd>DBIT</CdtDbtInd><RvslInd>false</RvslInd><Sts>BOOK</Sts><BookgDt><Dt>2022-11-09</Dt></BookgDt><ValDt><Dt>2022-11-09</Dt></ValDt><AcctSvcrRef>313220009G0EVBYK</AcctSvcrRef><BkTxCd><Domn><Cd>PMNT</Cd><Fmly><Cd>ICDT</Cd><SubFmlyCd>DMCT</SubFmlyCd></Fmly></Domn></BkTxCd><NtryDtls><TxDtls><Refs><AcctSvcrRef>25-693572830-1</AcctSvcrRef><PmtInfId>25:693572830</PmtInfId><InstrId>20221109000800273901162</InstrId></Refs><Amt Ccy="CHF">30000.00</Amt><CdtDbtInd>DBIT</CdtDbtInd><BkTxCd><Domn><Cd>PMNT</Cd><Fmly><Cd>ICDT</Cd><SubFmlyCd>DMCT</SubFmlyCd></Fmly></Domn></BkTxCd><RltdPties><Cdtr><Nm>Godetra AG</Nm><PstlAdr><Ctry>CH</Ctry></PstlAdr></Cdtr><CdtrAcct><Id><IBAN>CH1504835030036301000</IBAN></Id></CdtrAcct></RltdPties><RltdAgts><CdtrAgt><FinInstnId><BICFI>CRESCHZZ80A</BICFI><Nm>Credit Suisse (Schweiz) AG</Nm><PstlAdr><Ctry>CH</Ctry><AdrLine>Paradeplatz 8 8070 Zürich</AdrLine></PstlAdr></FinInstnId></CdtrAgt></RltdAgts><RmtInf><Ustrd>Fulfillment Akonto</Ustrd></RmtInf></TxDtls></NtryDtls><AddtlNtryInf>LASTSCHRIFT CREDIT SUISSE (SCHWEIZ) AG PARADEPLATZ 8 8070 ZÜRICH CH1504835030036301000 GODETRA AG SENDER REFERENZ: FULFILLMENT AKONTO 20221109000800273901162</AddtlNtryInf></Ntry><Ntry><NtryRef>CH4330000001414939852</NtryRef><Amt Ccy="CHF">4890.00</Amt><CdtDbtInd>CRDT</CdtDbtInd><RvslInd>false</RvslInd><Sts>BOOK</Sts><BookgDt><Dt>2022-11-09</Dt></BookgDt><ValDt><Dt>2022-11-09</Dt></ValDt><AcctSvcrRef>313220009G8HEAGU</AcctSvcrRef><BkTxCd><Domn><Cd>PMNT</Cd><Fmly><Cd>RCDT</Cd><SubFmlyCd>VCOM</SubFmlyCd></Fmly></Domn></BkTxCd><Chrgs><TtlChrgsAndTaxAmt Ccy="CHF">9.95</TtlChrgsAndTaxAmt><Rcrd><Amt Ccy="CHF">9.95</Amt><CdtDbtInd>DBIT</CdtDbtInd><ChrgInclInd>false</ChrgInclInd><Tp><Prtry><Id>2</Id></Prtry></Tp></Rcrd></Chrgs><NtryDtls><TxDtls><Refs><AcctSvcrRef>313220009G8HEAGU</AcctSvcrRef></Refs><Amt Ccy="CHF">4890.00</Amt><CdtDbtInd>CRDT</CdtDbtInd></TxDtls></NtryDtls><AddtlNtryInf>SAMMELGUTSCHRIFT FÜR KONTO: CH4330000001414939852 VERARBEITUNG VOM 09.11.2022 PAKET ID: 221109CH00000892</AddtlNtryInf></Ntry><Ntry><NtryRef>CH9530000002414939852</NtryRef><Amt Ccy="CHF">249.70</Amt><CdtDbtInd>CRDT</CdtDbtInd><RvslInd>false</RvslInd><Sts>BOOK</Sts><BookgDt><Dt>2022-11-09</Dt></BookgDt><ValDt><Dt>2022-11-09</Dt></ValDt><AcctSvcrRef>313220009G8HIHZU</AcctSvcrRef><BkTxCd><Domn><Cd>PMNT</Cd><Fmly><Cd>RCDT</Cd><SubFmlyCd>VCOM</SubFmlyCd></Fmly></Domn></BkTxCd><NtryDtls><TxDtls><Refs><AcctSvcrRef>313220009G8HIHZU</AcctSvcrRef></Refs><Amt Ccy="CHF">249.70</Amt><CdtDbtInd>CRDT</CdtDbtInd></TxDtls></NtryDtls><AddtlNtryInf>SAMMELGUTSCHRIFT FÜR KONTO: CH9530000002414939852 VERARBEITUNG VOM 09.11.2022 PAKET ID: 221109CH00000CR4</AddtlNtryInf></Ntry><Ntry><Amt Ccy="CHF">59.90</Amt><CdtDbtInd>CRDT</CdtDbtInd><RvslInd>false</RvslInd><Sts>BOOK</Sts><BookgDt><Dt>2022-11-09</Dt></BookgDt><ValDt><Dt>2022-11-09</Dt></ValDt><AcctSvcrRef>3132400314762358</AcctSvcrRef><BkTxCd><Domn><Cd>PMNT</Cd><Fmly><Cd>MCRD</Cd><SubFmlyCd>POSP</SubFmlyCd></Fmly></Domn></BkTxCd><NtryDtls><TxDtls><Refs><AcctSvcrRef>3132400314762358</AcctSvcrRef></Refs><Amt Ccy="CHF">59.90</Amt><CdtDbtInd>CRDT</CdtDbtInd></TxDtls></NtryDtls><AddtlNtryInf>GUTSCHRIFT E-PAYMENT-TRANSAKTIONEN POSTFINANCE CARD EINLIEFERUNG VOM 08.11.2022 EVERSMART PRODUCTS HANDELS GMBH PFAQ08TY0000001 WWW.ANTI-RONFLEMENT.CH/</AddtlNtryInf></Ntry></Stmt></BkToCstmrStmt></Document>
