<?xml version="1.0" encoding="UTF-8"?>
<Document xmlns="urn:iso:std:iso:20022:tech:xsd:camt.053.001.04" xmlns:xsi="http://www.w3.org/2001/XMLSchema-instance" xsi:schemaLocation="urn:iso:std:iso:20022:tech:xsd:camt.053.001.04 camt.053.001.04.xsd"><BkToCstmrStmt><GrpHdr><MsgId>20220720375204885743446</MsgId><CreDtTm>2022-07-21T01:35:25</CreDtTm><MsgPgntn><PgNb>1</PgNb><LastPgInd>true</LastPgInd></MsgPgntn><AddtlInf>SPS/1.7/PROD</AddtlInf></GrpHdr><Stmt><Id>20220720375204885743479</Id><ElctrncSeqNb>140</ElctrncSeqNb><CreDtTm>2022-07-21T01:35:25</CreDtTm><FrToDt><FrDtTm>2022-07-20T00:00:00</FrDtTm><ToDtTm>2022-07-20T23:59:59</ToDtTm></FrToDt><Acct><Id><IBAN>CH9209000000414939852</IBAN></Id><Ownr><Nm>eversmart products Handels GmbH Pfäffikon SZ</Nm></Ownr></Acct><Bal><Tp><CdOrPrtry><Cd>OPBD</Cd></CdOrPrtry></Tp><Amt Ccy="CHF">90176.02</Amt><CdtDbtInd>CRDT</CdtDbtInd><Dt><Dt>2022-07-20</Dt></Dt></Bal><Bal><Tp><CdOrPrtry><Cd>CLBD</Cd></CdOrPrtry></Tp><Amt Ccy="CHF">98187.84</Amt><CdtDbtInd>CRDT</CdtDbtInd><Dt><Dt>2022-07-20</Dt></Dt></Bal><Bal><Tp><CdOrPrtry><Cd>CLAV</Cd></CdOrPrtry></Tp><Amt Ccy="CHF">98187.84</Amt><CdtDbtInd>CRDT</CdtDbtInd><Dt><Dt>2022-07-20</Dt></Dt></Bal><Ntry><Amt Ccy="CHF">1108.00</Amt><CdtDbtInd>CRDT</CdtDbtInd><RvslInd>false</RvslInd><Sts>BOOK</Sts><BookgDt><Dt>2022-07-20</Dt></BookgDt><ValDt><Dt>2022-07-20</Dt></ValDt><AcctSvcrRef>201220108YVCV6WK</AcctSvcrRef><BkTxCd><Domn><Cd>PMNT</Cd><Fmly><Cd>RCDT</Cd><SubFmlyCd>ATXN</SubFmlyCd></Fmly></Domn></BkTxCd><NtryDtls><Btch><NbOfTxs>1</NbOfTxs></Btch><TxDtls><Refs><AcctSvcrRef>220720CH08YVCV6W</AcctSvcrRef><InstrId>RE52207209-29545</InstrId><EndToEndId>0018001111</EndToEndId><Prtry><Tp>00</Tp><Ref>220720CH08YVCV6W</Ref></Prtry></Refs><Amt Ccy="CHF">1108.00</Amt><CdtDbtInd>CRDT</CdtDbtInd><BkTxCd><Domn><Cd>PMNT</Cd><Fmly><Cd>RCDT</Cd><SubFmlyCd>ATXN</SubFmlyCd></Fmly></Domn></BkTxCd><RltdPties><Dbtr><Nm>SITECO SWITZERLAND AG</Nm><PstlAdr><AdrLine>ZURCHERSTRASSE 46 CH-8400 WINTERTHU</AdrLine><AdrLine>R</AdrLine></PstlAdr></Dbtr><DbtrAcct><Id><IBAN>CH8987801001002194001</IBAN></Id></DbtrAcct><CdtrAcct><Id><IBAN>CH9209000000414939852</IBAN></Id></CdtrAcct></RltdPties><RltdAgts><DbtrAgt><FinInstnId><BICFI>DEUTCHZZXXX</BICFI><Nm>DEUTSCHE BANK AG ZURICH BRANCH</Nm><PstlAdr><AdrLine>URANIASTRASSE , 9</AdrLine><AdrLine>8023 ZUERICH</AdrLine></PstlAdr></FinInstnId></DbtrAgt></RltdAgts><RmtInf><Ustrd>0018001111 20220525/RE-87362/1108.0</Ustrd><Ustrd>0 0011000831</Ustrd><Strd><AddtlRmtInf>?REJECT?0</AddtlRmtInf><AddtlRmtInf>?ERROR?000</AddtlRmtInf></Strd></RmtInf><RltdDts><AccptncDtTm>2022-07-20T20:00:00</AccptncDtTm></RltdDts></TxDtls></NtryDtls><AddtlNtryInf>GUTSCHRIFT AUFTRAGGEBER: SITECO SWITZERLAND AG ZURCHERSTRASSE 46 CH-8400 WINTERTHU R MITTEILUNGEN: 0018001111 20220525/RE-87362/1108.0 0 0011000831 REFERENZEN: 0018001111 RE52207209-29545 220720CH08YVCV6W</AddtlNtryInf></Ntry><Ntry><Amt Ccy="CHF">1107.00</Amt><CdtDbtInd>CRDT</CdtDbtInd><RvslInd>false</RvslInd><Sts>BOOK</Sts><BookgDt><Dt>2022-07-20</Dt></BookgDt><ValDt><Dt>2022-07-20</Dt></ValDt><AcctSvcrRef>201220108YVEEUNK</AcctSvcrRef><BkTxCd><Domn><Cd>PMNT</Cd><Fmly><Cd>RCDT</Cd><SubFmlyCd>ATXN</SubFmlyCd></Fmly></Domn></BkTxCd><NtryDtls><Btch><NbOfTxs>1</NbOfTxs></Btch><TxDtls><Refs><AcctSvcrRef>220720CH08YVEEUN</AcctSvcrRef><InstrId>20719946073.0001</InstrId><EndToEndId>NOTPROVIDED</EndToEndId><Prtry><Tp>00</Tp><Ref>220720CH08YVEEUN</Ref></Prtry></Refs><Amt Ccy="CHF">1107.00</Amt><CdtDbtInd>CRDT</CdtDbtInd><BkTxCd><Domn><Cd>PMNT</Cd><Fmly><Cd>RCDT</Cd><SubFmlyCd>ATXN</SubFmlyCd></Fmly></Domn></BkTxCd><RltdPties><Dbtr><Nm>Metallbau Pfister AG</Nm><PstlAdr><AdrLine>San Bastiaun 57</AdrLine><AdrLine>7503 Samedan</AdrLine></PstlAdr></Dbtr><DbtrAcct><Id><IBAN>CH1600774110221238200</IBAN></Id></DbtrAcct><CdtrAcct><Id><IBAN>CH9209000000414939852</IBAN></Id></CdtrAcct></RltdPties><RltdAgts><DbtrAgt><FinInstnId><ClrSysMmbId><MmbId>774</MmbId></ClrSysMmbId><Nm>Graubündner Kantonalbank</Nm><PstlAdr><AdrLine>7001 Chur</AdrLine></PstlAdr></FinInstnId></DbtrAgt></RltdAgts><RmtInf><Strd><AddtlRmtInf>?REJECT?0</AddtlRmtInf><AddtlRmtInf>?ERROR?000</AddtlRmtInf></Strd></RmtInf><RltdDts><AccptncDtTm>2022-07-20T20:00:00</AccptncDtTm></RltdDts></TxDtls></NtryDtls><AddtlNtryInf>GUTSCHRIFT AUFTRAGGEBER: Metallbau Pfister AG San Bastiaun 57 7503 Samedan REFERENZEN: NOTPROVIDED 20719946073.0001 220720CH08YVEEUN</AddtlNtryInf></Ntry><Ntry><Amt Ccy="CHF">484.67</Amt><CdtDbtInd>DBIT</CdtDbtInd><RvslInd>false</RvslInd><Sts>BOOK</Sts><BookgDt><Dt>2022-07-20</Dt></BookgDt><ValDt><Dt>2022-07-20</Dt></ValDt><AcctSvcrRef>201220008YPJ4GKK</AcctSvcrRef><BkTxCd><Domn><Cd>PMNT</Cd><Fmly><Cd>ICDT</Cd><SubFmlyCd>AUTT</SubFmlyCd></Fmly></Domn></BkTxCd><NtryDtls><TxDtls><Refs><AcctSvcrRef>25-624896899-1</AcctSvcrRef><PmtInfId>25:624896899</PmtInfId><InstrId>20220719000800330575513</InstrId></Refs><Amt Ccy="CHF">484.67</Amt><CdtDbtInd>DBIT</CdtDbtInd><BkTxCd><Domn><Cd>PMNT</Cd><Fmly><Cd>ICDT</Cd><SubFmlyCd>AUTT</SubFmlyCd></Fmly></Domn></BkTxCd><RltdPties><Cdtr><Nm>DHL Express (Schweiz)</Nm><PstlAdr><Ctry>CH</Ctry><AdrLine>St. Jakobs-Strasse 222 4052 Basel</AdrLine></PstlAdr></Cdtr><CdtrAcct><Id><Othr><Id>010849125</Id></Othr></Id></CdtrAcct></RltdPties><RmtInf><Strd><CdtrRefInf><Tp><CdOrPrtry><Prtry>ESR</Prtry></CdOrPrtry></Tp><Ref>6692402199337086</Ref></CdtrRefInf><AddtlRmtInf>DHL DBX0066924</AddtlRmtInf></Strd></RmtInf></TxDtls></NtryDtls><AddtlNtryInf>ESR 01-84912-5 DHL Express (Schweiz) St. Jakobs-Strasse 222 4052 Basel SENDER REFERENZ: DHL DBX0066924 20220719000800330575513</AddtlNtryInf></Ntry><Ntry><Amt Ccy="CHF">278.40</Amt><CdtDbtInd>DBIT</CdtDbtInd><RvslInd>false</RvslInd><Sts>BOOK</Sts><BookgDt><Dt>2022-07-20</Dt></BookgDt><ValDt><Dt>2022-07-20</Dt></ValDt><AcctSvcrRef>201220008YOGW2NK</AcctSvcrRef><BkTxCd><Domn><Cd>PMNT</Cd><Fmly><Cd>ICDT</Cd><SubFmlyCd>AUTT</SubFmlyCd></Fmly></Domn></BkTxCd><NtryDtls><TxDtls><Refs><AcctSvcrRef>25-624897664-1</AcctSvcrRef><PmtInfId>25:624897664</PmtInfId><InstrId>20220719000800330600155</InstrId></Refs><Amt Ccy="CHF">278.40</Amt><CdtDbtInd>DBIT</CdtDbtInd><BkTxCd><Domn><Cd>PMNT</Cd><Fmly><Cd>ICDT</Cd><SubFmlyCd>AUTT</SubFmlyCd></Fmly></Domn></BkTxCd><RltdPties><Cdtr><Nm>Credit Suisse</Nm><PstlAdr><Ctry>CH</Ctry><AdrLine>8070 Zürich</AdrLine></PstlAdr></Cdtr><CdtrAcct><Id><Othr><Id>010026540</Id></Othr></Id></CdtrAcct></RltdPties><RmtInf><Strd><CdtrRefInf><Tp><CdOrPrtry><Prtry>ESR</Prtry></CdOrPrtry></Tp><Ref>984988072969849002249971761</Ref></CdtrRefInf><AddtlRmtInf>FedEx 224997176</AddtlRmtInf></Strd></RmtInf></TxDtls></NtryDtls><AddtlNtryInf>ESR 01-2654-0 Credit Suisse 8070 Zürich SENDER REFERENZ: FedEx 224997176 20220719000800330600155</AddtlNtryInf></Ntry><Ntry><Amt Ccy="CHF">658.40</Amt><CdtDbtInd>DBIT</CdtDbtInd><RvslInd>false</RvslInd><Sts>BOOK</Sts><BookgDt><Dt>2022-07-20</Dt></BookgDt><ValDt><Dt>2022-07-20</Dt></ValDt><AcctSvcrRef>201220008YSMEEYK</AcctSvcrRef><BkTxCd><Domn><Cd>PMNT</Cd><Fmly><Cd>ICDT</Cd><SubFmlyCd>DMCT</SubFmlyCd></Fmly></Domn></BkTxCd><NtryDtls><TxDtls><Refs><AcctSvcrRef>25-624898276-1</AcctSvcrRef><PmtInfId>25:624898276</PmtInfId><InstrId>20220719000800330618871</InstrId></Refs><Amt Ccy="CHF">658.40</Amt><CdtDbtInd>DBIT</CdtDbtInd><BkTxCd><Domn><Cd>PMNT</Cd><Fmly><Cd>ICDT</Cd><SubFmlyCd>DMCT</SubFmlyCd></Fmly></Domn></BkTxCd><RltdPties><Cdtr><Nm>Swiss Organic Partners AG</Nm><PstlAdr><Ctry>CH</Ctry></PstlAdr></Cdtr><CdtrAcct><Id><IBAN>CH8130700114802540262</IBAN></Id></CdtrAcct></RltdPties><RltdAgts><CdtrAgt><FinInstnId><BICFI>ZKBKCHZZ80A</BICFI><Nm>Zürcher Kantonalbank</Nm><PstlAdr><Ctry>CH</Ctry><AdrLine>8010 Zürich</AdrLine></PstlAdr></FinInstnId></CdtrAgt></RltdAgts><RmtInf><Strd><CdtrRefInf><Tp><CdOrPrtry><Prtry>QRR</Prtry></CdOrPrtry></Tp><Ref>977958000000220287900002906</Ref></CdtrRefInf><AddtlRmtInf>HW Swopa</AddtlRmtInf></Strd></RmtInf></TxDtls></NtryDtls><AddtlNtryInf>LASTSCHRIFT Zürcher Kantonalbank 8010 Zürich CH8130700114802540262 Swiss Organic Partners AG SENDER REFERENZ: HW Swopa 20220719000800330618871</AddtlNtryInf></Ntry><Ntry><Amt Ccy="CHF">7461.00</Amt><CdtDbtInd>CRDT</CdtDbtInd><RvslInd>false</RvslInd><Sts>BOOK</Sts><BookgDt><Dt>2022-07-20</Dt></BookgDt><ValDt><Dt>2022-07-20</Dt></ValDt><AcctSvcrRef>201220108YVG6QKK</AcctSvcrRef><BkTxCd><Domn><Cd>PMNT</Cd><Fmly><Cd>RCDT</Cd><SubFmlyCd>ATXN</SubFmlyCd></Fmly></Domn></BkTxCd><NtryDtls><Btch><NbOfTxs>1</NbOfTxs></Btch><TxDtls><Refs><AcctSvcrRef>220720CH08YVG6QK</AcctSvcrRef><InstrId>DNX2220719C28220</InstrId><EndToEndId>SP-55279723-0</EndToEndId><Prtry><Tp>00</Tp><Ref>220720CH08YVG6QK</Ref></Prtry></Refs><Amt Ccy="CHF">7461.00</Amt><CdtDbtInd>CRDT</CdtDbtInd><BkTxCd><Domn><Cd>PMNT</Cd><Fmly><Cd>RCDT</Cd><SubFmlyCd>ATXN</SubFmlyCd></Fmly></Domn></BkTxCd><RltdPties><Dbtr><Nm>OptoTech AG</Nm><PstlAdr><StrtNm>Luterbachstrasse</StrtNm><BldgNb>10</BldgNb><PstCd>4528</PstCd><TwnNm>Zuchwil</TwnNm><Ctry>CH</Ctry></PstlAdr></Dbtr><DbtrAcct><Id><IBAN>CH3704835044149361000</IBAN></Id></DbtrAcct><CdtrAcct><Id><IBAN>CH9209000000414939852</IBAN></Id></CdtrAcct></RltdPties><RltdAgts><DbtrAgt><FinInstnId><ClrSysMmbId><MmbId>4835</MmbId></ClrSysMmbId><Nm>Credit Suisse (Schweiz) AG</Nm><PstlAdr><AdrLine>Paradeplatz 8</AdrLine><AdrLine>8070 Zürich</AdrLine></PstlAdr></FinInstnId></DbtrAgt></RltdAgts><RmtInf><Ustrd>RE-89330</Ustrd><Strd><AddtlRmtInf>?REJECT?0</AddtlRmtInf><AddtlRmtInf>?ERROR?000</AddtlRmtInf></Strd></RmtInf><RltdDts><AccptncDtTm>2022-07-20T20:00:00</AccptncDtTm></RltdDts></TxDtls></NtryDtls><AddtlNtryInf>GUTSCHRIFT AUFTRAGGEBER: OptoTech AG Luterbachstrasse 10 4528 Zuchwil MITTEILUNGEN: RE-89330 SPESENBETRAG 0.00 CHF SHA REFERENZEN: SP-55279723-0 DNX2220719C28220 220720CH08YVG6QK</AddtlNtryInf></Ntry><Ntry><Amt Ccy="CHF">49.90</Amt><CdtDbtInd>CRDT</CdtDbtInd><RvslInd>false</RvslInd><Sts>BOOK</Sts><BookgDt><Dt>2022-07-20</Dt></BookgDt><ValDt><Dt>2022-07-20</Dt></ValDt><AcctSvcrRef>201220108YW217XK</AcctSvcrRef><BkTxCd><Domn><Cd>PMNT</Cd><Fmly><Cd>RCDT</Cd><SubFmlyCd>ATXN</SubFmlyCd></Fmly></Domn></BkTxCd><NtryDtls><Btch><NbOfTxs>1</NbOfTxs></Btch><TxDtls><Refs><AcctSvcrRef>220720CH08YW217X</AcctSvcrRef><InstrId>9931200TI4455713</InstrId><EndToEndId>NOTPROVIDED</EndToEndId><Prtry><Tp>00</Tp><Ref>220720CH08YW217X</Ref></Prtry></Refs><Amt Ccy="CHF">49.90</Amt><CdtDbtInd>CRDT</CdtDbtInd><BkTxCd><Domn><Cd>PMNT</Cd><Fmly><Cd>RCDT</Cd><SubFmlyCd>ATXN</SubFmlyCd></Fmly></Domn></BkTxCd><RltdPties><Dbtr><Nm>RUDOLF BROSI</Nm><PstlAdr><AdrLine>AMSELWEG 14 CH 5102 RUPPERSWIL</AdrLine></PstlAdr></Dbtr><DbtrAcct><Id><IBAN>CH800023123127880040E</IBAN></Id></DbtrAcct><CdtrAcct><Id><IBAN>CH9209000000414939852</IBAN></Id></CdtrAcct></RltdPties><RltdAgts><DbtrAgt><FinInstnId><ClrSysMmbId><MmbId>231</MmbId></ClrSysMmbId><Nm>UBS Switzerland AG</Nm><PstlAdr><AdrLine>Bahnhofstrasse 61</AdrLine><AdrLine>5001 Aarau</AdrLine></PstlAdr></FinInstnId></DbtrAgt></RltdAgts><RmtInf><Ustrd>RE-90099 BROSI </Ustrd><Strd><AddtlRmtInf>?REJECT?0</AddtlRmtInf><AddtlRmtInf>?ERROR?000</AddtlRmtInf></Strd></RmtInf><RltdDts><AccptncDtTm>2022-07-20T20:00:00</AccptncDtTm></RltdDts></TxDtls></NtryDtls><AddtlNtryInf>GUTSCHRIFT AUFTRAGGEBER: RUDOLF BROSI AMSELWEG 14 CH 5102 RUPPERSWIL MITTEILUNGEN: RE-90099 BROSI  SPESENBETRAG 0.00 CHF SHA REFERENZEN: NOTPROVIDED 9931200TI4455713 220720CH08YW217X</AddtlNtryInf></Ntry><Ntry><Amt Ccy="CHF">119.80</Amt><CdtDbtInd>CRDT</CdtDbtInd><RvslInd>false</RvslInd><Sts>BOOK</Sts><BookgDt><Dt>2022-07-20</Dt></BookgDt><ValDt><Dt>2022-07-20</Dt></ValDt><AcctSvcrRef>201220108YW1B7GK</AcctSvcrRef><BkTxCd><Domn><Cd>PMNT</Cd><Fmly><Cd>RCDT</Cd><SubFmlyCd>ATXN</SubFmlyCd></Fmly></Domn></BkTxCd><NtryDtls><Btch><NbOfTxs>1</NbOfTxs></Btch><TxDtls><Refs><AcctSvcrRef>220720CH08YW1B7G</AcctSvcrRef><InstrId>9906200TI4421886</InstrId><EndToEndId>NOTPROVIDED</EndToEndId><Prtry><Tp>00</Tp><Ref>220720CH08YW1B7G</Ref></Prtry></Refs><Amt Ccy="CHF">119.80</Amt><CdtDbtInd>CRDT</CdtDbtInd><BkTxCd><Domn><Cd>PMNT</Cd><Fmly><Cd>RCDT</Cd><SubFmlyCd>ATXN</SubFmlyCd></Fmly></Domn></BkTxCd><RltdPties><Dbtr><Nm>DIMITRIOS GIANNAKOS</Nm><PstlAdr><AdrLine>SCHULSTRASSE 99 CH 8105 REGENSDORF</AdrLine></PstlAdr></Dbtr><DbtrAcct><Id><IBAN>CH3400206206DP1570920</IBAN></Id></DbtrAcct><CdtrAcct><Id><IBAN>CH9209000000414939852</IBAN></Id></CdtrAcct></RltdPties><RltdAgts><DbtrAgt><FinInstnId><ClrSysMmbId><MmbId>206</MmbId></ClrSysMmbId><Nm>UBS Switzerland AG</Nm><PstlAdr><AdrLine>Paradeplatz 6</AdrLine><AdrLine>8098 Zürich</AdrLine></PstlAdr></FinInstnId></DbtrAgt></RltdAgts><RmtInf><Ustrd>000000000000000000000881748 </Ustrd><Strd><AddtlRmtInf>?REJECT?0</AddtlRmtInf><AddtlRmtInf>?ERROR?000</AddtlRmtInf></Strd></RmtInf><RltdDts><AccptncDtTm>2022-07-20T20:00:00</AccptncDtTm></RltdDts></TxDtls></NtryDtls><AddtlNtryInf>GUTSCHRIFT AUFTRAGGEBER: DIMITRIOS GIANNAKOS SCHULSTRASSE 99 CH 8105 REGENSDORF MITTEILUNGEN: 000000000000000000000881748  SPESENBETRAG 0.00 CHF SHA REFERENZEN: NOTPROVIDED 9906200TI4421886 220720CH08YW1B7G</AddtlNtryInf></Ntry><Ntry><Amt Ccy="CHF">2532.35</Amt><CdtDbtInd>CRDT</CdtDbtInd><RvslInd>false</RvslInd><Sts>BOOK</Sts><BookgDt><Dt>2022-07-20</Dt></BookgDt><ValDt><Dt>2022-07-20</Dt></ValDt><AcctSvcrRef>201220008YQ7VBKK</AcctSvcrRef><BkTxCd><Domn><Cd>PMNT</Cd><Fmly><Cd>RCDT</Cd><SubFmlyCd>AUTT</SubFmlyCd></Fmly></Domn></BkTxCd><NtryDtls><Btch><NbOfTxs>1</NbOfTxs></Btch><TxDtls><Refs><MsgId>TWINT20220718-101-Merchant</MsgId><AcctSvcrRef>220719CH08YQ7VBK</AcctSvcrRef><PmtInfId>TWINT20220718-101-Merchant-B1</PmtInfId><InstrId>5fb9c4a6474c4db1a40a999af6376d8a</InstrId><EndToEndId>TWINT20220718-101-Merchant-B1</EndToEndId><Prtry><Tp>00</Tp><Ref>220719CH08YQ7VBK</Ref></Prtry></Refs><Amt Ccy="CHF">2532.35</Amt><CdtDbtInd>CRDT</CdtDbtInd><BkTxCd><Domn><Cd>PMNT</Cd><Fmly><Cd>RCDT</Cd><SubFmlyCd>AUTT</SubFmlyCd></Fmly></Domn></BkTxCd><RltdPties><Dbtr><Nm>TWINT Acquiring AG</Nm><PstlAdr><StrtNm>Stauffacherstrasse</StrtNm><BldgNb>41</BldgNb><PstCd>8004</PstCd><TwnNm>Zürich</TwnNm><Ctry>CH</Ctry></PstlAdr></Dbtr><DbtrAcct><Id><IBAN>CH6609000000313087410</IBAN></Id></DbtrAcct><CdtrAcct><Id><IBAN>CH9209000000414939852</IBAN></Id></CdtrAcct></RltdPties><RltdAgts><DbtrAgt><FinInstnId><BICFI>POFICHBEXXX</BICFI><Nm>POSTFINANCE AG</Nm><PstlAdr><AdrLine>MINGERSTRASSE , 20</AdrLine><AdrLine>3030 BERN</AdrLine></PstlAdr></FinInstnId></DbtrAgt></RltdAgts><RmtInf><Ustrd>999999 TWINT TWINT Auszahlungen Pay</Ustrd><Ustrd>out 20220719                       </Ustrd><Ustrd>   Gross: 2565.72 Fees: -33.37</Ustrd><Strd><AddtlRmtInf>?REJECT?0</AddtlRmtInf><AddtlRmtInf>?ERROR?000</AddtlRmtInf></Strd></RmtInf><RltdDts><AccptncDtTm>2022-07-20T20:00:00</AccptncDtTm></RltdDts></TxDtls></NtryDtls><AddtlNtryInf>GUTSCHRIFT CH6609000000313087410 ABSENDER: TWINT Acquiring AG Stauffacherstrasse 41 8004 Zürich MITTEILUNGEN: 999999 TWINT TWINT Auszahlungen Pay out 20220719                           Gross: 2565.72 Fees: -33.37 REFERENZEN: TWINT20220718-101-Merchant-B1</AddtlNtryInf></Ntry><Ntry><Amt Ccy="CHF">799.00</Amt><CdtDbtInd>CRDT</CdtDbtInd><RvslInd>false</RvslInd><Sts>BOOK</Sts><BookgDt><Dt>2022-07-20</Dt></BookgDt><ValDt><Dt>2022-07-20</Dt></ValDt><AcctSvcrRef>201220108YWFC88K</AcctSvcrRef><BkTxCd><Domn><Cd>PMNT</Cd><Fmly><Cd>RCDT</Cd><SubFmlyCd>ATXN</SubFmlyCd></Fmly></Domn></BkTxCd><NtryDtls><Btch><NbOfTxs>1</NbOfTxs></Btch><TxDtls><Refs><AcctSvcrRef>220720CH08YWFC88</AcctSvcrRef><InstrId>20719761832.0010</InstrId><EndToEndId>NOTPROVIDED</EndToEndId><Prtry><Tp>00</Tp><Ref>220720CH08YWFC88</Ref></Prtry></Refs><Amt Ccy="CHF">799.00</Amt><CdtDbtInd>CRDT</CdtDbtInd><BkTxCd><Domn><Cd>PMNT</Cd><Fmly><Cd>RCDT</Cd><SubFmlyCd>ATXN</SubFmlyCd></Fmly></Domn></BkTxCd><RltdPties><Dbtr><Nm>Corti Felger Trust GmbH</Nm><PstlAdr><AdrLine>Seefeldstrasse 329</AdrLine><AdrLine>8008 Zurich</AdrLine></PstlAdr></Dbtr><DbtrAcct><Id><IBAN>CH3200777008762941998</IBAN></Id></DbtrAcct><CdtrAcct><Id><IBAN>CH9209000000414939852</IBAN></Id></CdtrAcct></RltdPties><RltdAgts><DbtrAgt><FinInstnId><ClrSysMmbId><MmbId>777</MmbId></ClrSysMmbId><Nm>Schwyzer Kantonalbank</Nm><PstlAdr><AdrLine>Bahnhofstrasse 3</AdrLine><AdrLine>6431 Schwyz</AdrLine></PstlAdr></FinInstnId></DbtrAgt></RltdAgts><RmtInf><Ustrd>RE-89209</Ustrd><Strd><AddtlRmtInf>?REJECT?0</AddtlRmtInf><AddtlRmtInf>?ERROR?000</AddtlRmtInf></Strd></RmtInf><RltdDts><AccptncDtTm>2022-07-20T20:00:00</AccptncDtTm></RltdDts></TxDtls></NtryDtls><AddtlNtryInf>GUTSCHRIFT AUFTRAGGEBER: Corti Felger Trust GmbH Seefeldstrasse 329 8008 Zurich MITTEILUNGEN: RE-89209 REFERENZEN: NOTPROVIDED 20719761832.0010 220720CH08YWFC88</AddtlNtryInf></Ntry><Ntry><Amt Ccy="CHF">955.73</Amt><CdtDbtInd>CRDT</CdtDbtInd><RvslInd>false</RvslInd><Sts>BOOK</Sts><BookgDt><Dt>2022-07-20</Dt></BookgDt><ValDt><Dt>2022-07-20</Dt></ValDt><AcctSvcrRef>201220108YWZAOUK</AcctSvcrRef><BkTxCd><Domn><Cd>PMNT</Cd><Fmly><Cd>RCDT</Cd><SubFmlyCd>ATXN</SubFmlyCd></Fmly></Domn></BkTxCd><NtryDtls><Btch><NbOfTxs>1</NbOfTxs></Btch><TxDtls><Refs><AcctSvcrRef>220720CH08YWZAOU</AcctSvcrRef><InstrId>LON03237556291</InstrId><EndToEndId>NOTPROVIDED</EndToEndId><Prtry><Tp>00</Tp><Ref>220720CH08YWZAOU</Ref></Prtry></Refs><Amt Ccy="CHF">955.73</Amt><CdtDbtInd>CRDT</CdtDbtInd><BkTxCd><Domn><Cd>PMNT</Cd><Fmly><Cd>RCDT</Cd><SubFmlyCd>ATXN</SubFmlyCd></Fmly></Domn></BkTxCd><RltdPties><Dbtr><Nm>STRIPE PAYMENTS UK LTD</Nm><PstlAdr><AdrLine>9TH FLOOR, 107 CHEAPSIDE GB - LONDO</AdrLine><AdrLine>N EC2V 6DN</AdrLine></PstlAdr></Dbtr><DbtrAcct><Id><IBAN>DK6289000000010375</IBAN></Id></DbtrAcct><CdtrAcct><Id><IBAN>CH9209000000414939852</IBAN></Id></CdtrAcct></RltdPties><RltdAgts><DbtrAgt><FinInstnId><BICFI>CITIGB2LXXX</BICFI><Nm>CITIBANK N.A.</Nm><PstlAdr><AdrLine>CITIBANK CENTRE25 CANADA SQUARE</AdrLine><AdrLine>E14 5LB LONDON</AdrLine></PstlAdr></FinInstnId></DbtrAgt></RltdAgts><RmtInf><Ustrd>STRIPE U3L3K1</Ustrd><Strd><AddtlRmtInf>?REJECT?0</AddtlRmtInf><AddtlRmtInf>?ERROR?000</AddtlRmtInf></Strd></RmtInf><RltdDts><AccptncDtTm>2022-07-20T20:00:00</AccptncDtTm></RltdDts></TxDtls></NtryDtls><AddtlNtryInf>GUTSCHRIFT AUFTRAGGEBER: STRIPE PAYMENTS UK LTD 9TH FLOOR, 107 CHEAPSIDE GB - LONDO N EC2V 6DN MITTEILUNGEN: STRIPE U3L3K1 SPESENBETRAG 0.00 CHF SHA REFERENZEN: NOTPROVIDED LON03237556291 220720CH08YWZAOU</AddtlNtryInf></Ntry><Ntry><Amt Ccy="CHF">7375.53</Amt><CdtDbtInd>DBIT</CdtDbtInd><RvslInd>false</RvslInd><Sts>BOOK</Sts><BookgDt><Dt>2022-07-20</Dt></BookgDt><ValDt><Dt>2022-07-20</Dt></ValDt><AcctSvcrRef>201220008YONSJ5K</AcctSvcrRef><BkTxCd><Domn><Cd>PMNT</Cd><Fmly><Cd>ICDT</Cd><SubFmlyCd>ESCT</SubFmlyCd></Fmly></Domn></BkTxCd><NtryDtls><TxDtls><Refs><AcctSvcrRef>25-624901147-1</AcctSvcrRef><PmtInfId>25:624901147</PmtInfId><InstrId>20220719000800330713672</InstrId></Refs><Amt Ccy="CHF">7375.53</Amt><CdtDbtInd>DBIT</CdtDbtInd><AmtDtls><InstdAmt><Amt Ccy="EUR">7343.22</Amt><CcyXchg><SrcCcy>EUR</SrcCcy><XchgRate>1.0044</XchgRate></CcyXchg></InstdAmt></AmtDtls><BkTxCd><Domn><Cd>PMNT</Cd><Fmly><Cd>ICDT</Cd><SubFmlyCd>ESCT</SubFmlyCd></Fmly></Domn></BkTxCd><RltdPties><Cdtr><Nm>AllBlue e. K.</Nm><PstlAdr><StrtNm>Bahnhofstr.</StrtNm><BldgNb>10</BldgNb><PstCd>86237</PstCd><TwnNm>Ebersdorf b. Coburg</TwnNm><Ctry>DE</Ctry></PstlAdr></Cdtr><CdtrAcct><Id><IBAN>DE30110101015626789630</IBAN></Id></CdtrAcct></RltdPties><RltdAgts><CdtrAgt><FinInstnId><BICFI>SOBKDEB2XXX</BICFI><Nm>SOLARISBANK AG</Nm><PstlAdr><Ctry>DE</Ctry><AdrLine>CUVRYSTRASSE 53 10997 BERLIN</AdrLine></PstlAdr></FinInstnId></CdtrAgt></RltdAgts><RmtInf><Ustrd>RE0068</Ustrd><Strd><AddtlRmtInf>Q2 Lizenz Löwenhaar</AddtlRmtInf></Strd></RmtInf></TxDtls></NtryDtls><AddtlNtryInf>GIRO INTERNATIONAL (SEPA) EUR 7'343.22 ZUM KURS VON 1.0044 SOLARISBANK AG CUVRYSTRASSE 53 10997 BERLIN DE30110101015626789630 AllBlue e. K. Bahnhofstr. 10 86237 Ebersdorf b. Coburg SENDER REFERENZ: Q2 Lizenz Löwenhaar 20220719000800330713672</AddtlNtryInf></Ntry><Ntry><NtryRef>CH4330000001414939852</NtryRef><Amt Ccy="CHF">2556.24</Amt><CdtDbtInd>CRDT</CdtDbtInd><RvslInd>false</RvslInd><Sts>BOOK</Sts><BookgDt><Dt>2022-07-20</Dt></BookgDt><ValDt><Dt>2022-07-20</Dt></ValDt><AcctSvcrRef>201220008Z0MIKUU</AcctSvcrRef><BkTxCd><Domn><Cd>PMNT</Cd><Fmly><Cd>RCDT</Cd><SubFmlyCd>VCOM</SubFmlyCd></Fmly></Domn></BkTxCd><Chrgs><TtlChrgsAndTaxAmt Ccy="CHF">3.20</TtlChrgsAndTaxAmt><Rcrd><Amt Ccy="CHF">3.20</Amt><CdtDbtInd>DBIT</CdtDbtInd><ChrgInclInd>false</ChrgInclInd><Tp><Prtry><Id>2</Id></Prtry></Tp></Rcrd></Chrgs><NtryDtls><TxDtls><Refs><AcctSvcrRef>201220008Z0MIKUU</AcctSvcrRef></Refs><Amt Ccy="CHF">2556.24</Amt><CdtDbtInd>CRDT</CdtDbtInd></TxDtls></NtryDtls><AddtlNtryInf>SAMMELGUTSCHRIFT FÜR KONTO: CH4330000001414939852 VERARBEITUNG VOM 20.07.2022 PAKET ID: 220720CH0000073C</AddtlNtryInf></Ntry><Ntry><Amt Ccy="CHF">119.80</Amt><CdtDbtInd>CRDT</CdtDbtInd><RvslInd>false</RvslInd><Sts>BOOK</Sts><BookgDt><Dt>2022-07-20</Dt></BookgDt><ValDt><Dt>2022-07-20</Dt></ValDt><AcctSvcrRef>2012400134969725</AcctSvcrRef><BkTxCd><Domn><Cd>PMNT</Cd><Fmly><Cd>MCRD</Cd><SubFmlyCd>POSP</SubFmlyCd></Fmly></Domn></BkTxCd><NtryDtls><TxDtls><Refs><AcctSvcrRef>2012400134969725</AcctSvcrRef></Refs><Amt Ccy="CHF">119.80</Amt><CdtDbtInd>CRDT</CdtDbtInd></TxDtls></NtryDtls><AddtlNtryInf>GUTSCHRIFT E-PAYMENT-TRANSAKTIONEN POSTFINANCE CARD EINLIEFERUNG VOM 19.07.2022 eversmart products Handels GmbH PFAQ08TW0000001 https://www.sanaclip.ch</AddtlNtryInf></Ntry></Stmt></BkToCstmrStmt></Document>
