<?xml version="1.0" encoding="UTF-8"?>
<Document xmlns="urn:iso:std:iso:20022:tech:xsd:camt.053.001.04" xmlns:xsi="http://www.w3.org/2001/XMLSchema-instance" xsi:schemaLocation="urn:iso:std:iso:20022:tech:xsd:camt.053.001.04 camt.053.001.04.xsd"><BkToCstmrStmt><GrpHdr><MsgId>20220804375204898664313</MsgId><CreDtTm>2022-08-05T01:50:07</CreDtTm><MsgPgntn><PgNb>1</PgNb><LastPgInd>true</LastPgInd></MsgPgntn><AddtlInf>SPS/1.7/PROD</AddtlInf></GrpHdr><Stmt><Id>20220804375204898664334</Id><ElctrncSeqNb>151</ElctrncSeqNb><CreDtTm>2022-08-05T01:50:07</CreDtTm><FrToDt><FrDtTm>2022-08-04T00:00:00</FrDtTm><ToDtTm>2022-08-04T23:59:59</ToDtTm></FrToDt><Acct><Id><IBAN>CH9209000000414939852</IBAN></Id><Ownr><Nm>eversmart products Handels GmbH Pfäffikon SZ</Nm></Ownr></Acct><Bal><Tp><CdOrPrtry><Cd>OPBD</Cd></CdOrPrtry></Tp><Amt Ccy="CHF">62751.75</Amt><CdtDbtInd>CRDT</CdtDbtInd><Dt><Dt>2022-08-04</Dt></Dt></Bal><Bal><Tp><CdOrPrtry><Cd>CLBD</Cd></CdOrPrtry></Tp><Amt Ccy="CHF">75676.10</Amt><CdtDbtInd>CRDT</CdtDbtInd><Dt><Dt>2022-08-04</Dt></Dt></Bal><Bal><Tp><CdOrPrtry><Cd>CLAV</Cd></CdOrPrtry></Tp><Amt Ccy="CHF">75676.10</Amt><CdtDbtInd>CRDT</CdtDbtInd><Dt><Dt>2022-08-04</Dt></Dt></Bal><Ntry><Amt Ccy="CHF">880.00</Amt><CdtDbtInd>CRDT</CdtDbtInd><RvslInd>false</RvslInd><Sts>BOOK</Sts><BookgDt><Dt>2022-08-04</Dt></BookgDt><ValDt><Dt>2022-08-04</Dt></ValDt><AcctSvcrRef>2162201091AMEN5K</AcctSvcrRef><BkTxCd><Domn><Cd>PMNT</Cd><Fmly><Cd>RCDT</Cd><SubFmlyCd>ATXN</SubFmlyCd></Fmly></Domn></BkTxCd><NtryDtls><Btch><NbOfTxs>1</NbOfTxs></Btch><TxDtls><Refs><AcctSvcrRef>220804CH091AMEN5</AcctSvcrRef><InstrId>DNWV220803C79379</InstrId><EndToEndId>SP-11021503-0</EndToEndId><Prtry><Tp>00</Tp><Ref>220804CH091AMEN5</Ref></Prtry></Refs><Amt Ccy="CHF">880.00</Amt><CdtDbtInd>CRDT</CdtDbtInd><BkTxCd><Domn><Cd>PMNT</Cd><Fmly><Cd>RCDT</Cd><SubFmlyCd>ATXN</SubFmlyCd></Fmly></Domn></BkTxCd><RltdPties><Dbtr><Nm>Jeremie Engl</Nm><PstlAdr><StrtNm>Flurstrasse</StrtNm><BldgNb>46</BldgNb><PstCd>8302</PstCd><TwnNm>Kloten</TwnNm><Ctry>CH</Ctry></PstlAdr></Dbtr><DbtrAcct><Id><IBAN>CH1104835020069340000</IBAN></Id></DbtrAcct><CdtrAcct><Id><IBAN>CH9209000000414939852</IBAN></Id></CdtrAcct></RltdPties><RltdAgts><DbtrAgt><FinInstnId><ClrSysMmbId><MmbId>4835</MmbId></ClrSysMmbId><Nm>Credit Suisse (Schweiz) AG</Nm><PstlAdr><AdrLine>Paradeplatz 8</AdrLine><AdrLine>8070 Zürich</AdrLine></PstlAdr></FinInstnId></DbtrAgt></RltdAgts><RmtInf><Ustrd>Vorrauskasse bestellung 9417</Ustrd><Strd><AddtlRmtInf>?REJECT?0</AddtlRmtInf><AddtlRmtInf>?ERROR?000</AddtlRmtInf></Strd></RmtInf><RltdDts><AccptncDtTm>2022-08-04T20:00:00</AccptncDtTm></RltdDts></TxDtls></NtryDtls><AddtlNtryInf>GUTSCHRIFT AUFTRAGGEBER: Jeremie Engl Flurstrasse 46 8302 Kloten MITTEILUNGEN: Vorrauskasse bestellung 9417 SPESENBETRAG 0.00 CHF SHA REFERENZEN: SP-11021503-0 DNWV220803C79379 220804CH091AMEN5</AddtlNtryInf></Ntry><Ntry><Amt Ccy="CHF">59.90</Amt><CdtDbtInd>CRDT</CdtDbtInd><RvslInd>false</RvslInd><Sts>BOOK</Sts><BookgDt><Dt>2022-08-04</Dt></BookgDt><ValDt><Dt>2022-08-04</Dt></ValDt><AcctSvcrRef>21622010919ECOCK</AcctSvcrRef><BkTxCd><Domn><Cd>PMNT</Cd><Fmly><Cd>RCDT</Cd><SubFmlyCd>AUTT</SubFmlyCd></Fmly></Domn></BkTxCd><NtryDtls><Btch><NbOfTxs>1</NbOfTxs></Btch><TxDtls><Refs><AcctSvcrRef>220803CH0919ECOC</AcctSvcrRef><InstrId>20220803000800588095757</InstrId><Prtry><Tp>00</Tp><Ref>220803CH0919ECOC</Ref></Prtry></Refs><Amt Ccy="CHF">59.90</Amt><CdtDbtInd>CRDT</CdtDbtInd><BkTxCd><Domn><Cd>PMNT</Cd><Fmly><Cd>RCDT</Cd><SubFmlyCd>AUTT</SubFmlyCd></Fmly></Domn></BkTxCd><RltdPties><Dbtr><Nm>Stadler-Arnold Bernadette</Nm><PstlAdr><StrtNm>Rischeln</StrtNm><BldgNb>70</BldgNb><PstCd>5112</PstCd><TwnNm>Thalheim AG</TwnNm><Ctry>CH</Ctry></PstlAdr></Dbtr><DbtrAcct><Id><IBAN>CH8509000000802100831</IBAN></Id></DbtrAcct><CdtrAcct><Id><IBAN>CH9209000000414939852</IBAN></Id></CdtrAcct></RltdPties><RltdAgts><DbtrAgt><FinInstnId><BICFI>POFICHBEXXX</BICFI><Nm>POSTFINANCE AG</Nm><PstlAdr><AdrLine>MINGERSTRASSE , 20</AdrLine><AdrLine>3030 BERN</AdrLine></PstlAdr></FinInstnId></DbtrAgt></RltdAgts><RmtInf><Ustrd>Rechnung RE-89620 Referenznummer 00</Ustrd><Ustrd> 00000 00000 00000 00008 95718 ist </Ustrd><Ustrd>ungültig.</Ustrd><Strd><AddtlRmtInf>?REJECT?0</AddtlRmtInf><AddtlRmtInf>?ERROR?000</AddtlRmtInf></Strd></RmtInf><RltdDts><AccptncDtTm>2022-08-04T20:00:00</AccptncDtTm></RltdDts></TxDtls></NtryDtls><AddtlNtryInf>GUTSCHRIFT CH8509000000802100831 ABSENDER: Stadler-Arnold Bernadette Rischeln 70 5112 Thalheim AG MITTEILUNGEN: Rechnung RE-89620 Referenznummer 00  00000 00000 00000 00008 95718 ist  ungültig.</AddtlNtryInf></Ntry><Ntry><Amt Ccy="CHF">29.90</Amt><CdtDbtInd>CRDT</CdtDbtInd><RvslInd>false</RvslInd><Sts>BOOK</Sts><BookgDt><Dt>2022-08-04</Dt></BookgDt><ValDt><Dt>2022-08-04</Dt></ValDt><AcctSvcrRef>2162201091B3IX4K</AcctSvcrRef><BkTxCd><Domn><Cd>PMNT</Cd><Fmly><Cd>RCDT</Cd><SubFmlyCd>ATXN</SubFmlyCd></Fmly></Domn></BkTxCd><NtryDtls><Btch><NbOfTxs>1</NbOfTxs></Btch><TxDtls><Refs><AcctSvcrRef>220804CH091B3IX4</AcctSvcrRef><InstrId>1104122165/1XXXX</InstrId><EndToEndId>NOTPROVIDED</EndToEndId><Prtry><Tp>00</Tp><Ref>220804CH091B3IX4</Ref></Prtry></Refs><Amt Ccy="CHF">29.90</Amt><CdtDbtInd>CRDT</CdtDbtInd><BkTxCd><Domn><Cd>PMNT</Cd><Fmly><Cd>RCDT</Cd><SubFmlyCd>ATXN</SubFmlyCd></Fmly></Domn></BkTxCd><RltdPties><Dbtr><Nm>Barbara Senn</Nm><PstlAdr><AdrLine>Rebbergstrasse 16</AdrLine><AdrLine>CH-5108 Oberflachs</AdrLine></PstlAdr></Dbtr><DbtrAcct><Id><IBAN>CH2300761016093188534</IBAN></Id></DbtrAcct><CdtrAcct><Id><IBAN>CH9209000000414939852</IBAN></Id></CdtrAcct></RltdPties><RltdAgts><DbtrAgt><FinInstnId><ClrSysMmbId><MmbId>761</MmbId></ClrSysMmbId><Nm>Aargauische Kantonalbank</Nm><PstlAdr><AdrLine>Bahnhofplatz 1</AdrLine><AdrLine>5001 Aarau</AdrLine></PstlAdr></FinInstnId></DbtrAgt></RltdAgts><RmtInf><Ustrd>RG RE-89553</Ustrd><Strd><AddtlRmtInf>?REJECT?0</AddtlRmtInf><AddtlRmtInf>?ERROR?000</AddtlRmtInf></Strd></RmtInf><RltdDts><AccptncDtTm>2022-08-04T20:00:00</AccptncDtTm></RltdDts></TxDtls></NtryDtls><AddtlNtryInf>GUTSCHRIFT AUFTRAGGEBER: Barbara Senn Rebbergstrasse 16 CH-5108 Oberflachs MITTEILUNGEN: RG RE-89553 REFERENZEN: NOTPROVIDED 1104122165/1XXXX 220804CH091B3IX4</AddtlNtryInf></Ntry><Ntry><Amt Ccy="CHF">928.00</Amt><CdtDbtInd>CRDT</CdtDbtInd><RvslInd>false</RvslInd><Sts>BOOK</Sts><BookgDt><Dt>2022-08-04</Dt></BookgDt><ValDt><Dt>2022-08-04</Dt></ValDt><AcctSvcrRef>2162201091B5RYZK</AcctSvcrRef><BkTxCd><Domn><Cd>PMNT</Cd><Fmly><Cd>RCDT</Cd><SubFmlyCd>ATXN</SubFmlyCd></Fmly></Domn></BkTxCd><NtryDtls><Btch><NbOfTxs>1</NbOfTxs></Btch><TxDtls><Refs><AcctSvcrRef>220804CH091B5RYZ</AcctSvcrRef><InstrId>07842654BB85C51A</InstrId><EndToEndId>541600000556516635</EndToEndId><Prtry><Tp>00</Tp><Ref>220804CH091B5RYZ</Ref></Prtry></Refs><Amt Ccy="CHF">928.00</Amt><CdtDbtInd>CRDT</CdtDbtInd><BkTxCd><Domn><Cd>PMNT</Cd><Fmly><Cd>RCDT</Cd><SubFmlyCd>ATXN</SubFmlyCd></Fmly></Domn></BkTxCd><RltdPties><Dbtr><Nm>Jessica Thoenen</Nm><PstlAdr><StrtNm>Toepferweg</StrtNm><BldgNb>36</BldgNb><PstCd>3613</PstCd><TwnNm>Steffisburg</TwnNm><Ctry>CH</Ctry></PstlAdr></Dbtr><DbtrAcct><Id><IBAN>CH2200790042428667993</IBAN></Id></DbtrAcct><CdtrAcct><Id><IBAN>CH9209000000414939852</IBAN></Id></CdtrAcct></RltdPties><RltdAgts><DbtrAgt><FinInstnId><ClrSysMmbId><MmbId>79030</MmbId></ClrSysMmbId><Nm>Berner Kantonalbank AG</Nm><PstlAdr><AdrLine>3700 Spiez</AdrLine></PstlAdr></FinInstnId></DbtrAgt></RltdAgts><RmtInf><Strd><AddtlRmtInf>?REJECT?0</AddtlRmtInf><AddtlRmtInf>?ERROR?000</AddtlRmtInf></Strd></RmtInf><RltdDts><AccptncDtTm>2022-08-04T20:00:00</AccptncDtTm></RltdDts></TxDtls></NtryDtls><AddtlNtryInf>GUTSCHRIFT AUFTRAGGEBER: Jessica Thoenen Toepferweg 36 3613 Steffisburg REFERENZEN: 541600000556516635 07842654BB85C51A 220804CH091B5RYZ</AddtlNtryInf></Ntry><Ntry><Amt Ccy="CHF">4256.76</Amt><CdtDbtInd>CRDT</CdtDbtInd><RvslInd>false</RvslInd><Sts>BOOK</Sts><BookgDt><Dt>2022-08-04</Dt></BookgDt><ValDt><Dt>2022-08-04</Dt></ValDt><AcctSvcrRef>216220009148DD0K</AcctSvcrRef><BkTxCd><Domn><Cd>PMNT</Cd><Fmly><Cd>RCDT</Cd><SubFmlyCd>AUTT</SubFmlyCd></Fmly></Domn></BkTxCd><NtryDtls><Btch><NbOfTxs>1</NbOfTxs></Btch><TxDtls><Refs><MsgId>TWINT20220802-101-Merchant</MsgId><AcctSvcrRef>220803CH09148DD0</AcctSvcrRef><PmtInfId>TWINT20220802-101-Merchant-B1</PmtInfId><InstrId>47d6c3f9c7a14031b4efcab8a50553e4</InstrId><EndToEndId>TWINT20220802-101-Merchant-B1</EndToEndId><Prtry><Tp>00</Tp><Ref>220803CH09148DD0</Ref></Prtry></Refs><Amt Ccy="CHF">4256.76</Amt><CdtDbtInd>CRDT</CdtDbtInd><BkTxCd><Domn><Cd>PMNT</Cd><Fmly><Cd>RCDT</Cd><SubFmlyCd>AUTT</SubFmlyCd></Fmly></Domn></BkTxCd><RltdPties><Dbtr><Nm>TWINT Acquiring AG</Nm><PstlAdr><StrtNm>Stauffacherstrasse</StrtNm><BldgNb>41</BldgNb><PstCd>8004</PstCd><TwnNm>Zürich</TwnNm><Ctry>CH</Ctry></PstlAdr></Dbtr><DbtrAcct><Id><IBAN>CH6609000000313087410</IBAN></Id></DbtrAcct><CdtrAcct><Id><IBAN>CH9209000000414939852</IBAN></Id></CdtrAcct></RltdPties><RltdAgts><DbtrAgt><FinInstnId><BICFI>POFICHBEXXX</BICFI><Nm>POSTFINANCE AG</Nm><PstlAdr><AdrLine>MINGERSTRASSE , 20</AdrLine><AdrLine>3030 BERN</AdrLine></PstlAdr></FinInstnId></DbtrAgt></RltdAgts><RmtInf><Ustrd>999999 TWINT TWINT Auszahlungen Pay</Ustrd><Ustrd>out 20220803                       </Ustrd><Ustrd>   Gross: 4314.30 Fees: -57.54</Ustrd><Strd><AddtlRmtInf>?REJECT?0</AddtlRmtInf><AddtlRmtInf>?ERROR?000</AddtlRmtInf></Strd></RmtInf><RltdDts><AccptncDtTm>2022-08-04T20:00:00</AccptncDtTm></RltdDts></TxDtls></NtryDtls><AddtlNtryInf>GUTSCHRIFT CH6609000000313087410 ABSENDER: TWINT Acquiring AG Stauffacherstrasse 41 8004 Zürich MITTEILUNGEN: 999999 TWINT TWINT Auszahlungen Pay out 20220803                           Gross: 4314.30 Fees: -57.54 REFERENZEN: TWINT20220802-101-Merchant-B1</AddtlNtryInf></Ntry><Ntry><Amt Ccy="CHF">344.73</Amt><CdtDbtInd>CRDT</CdtDbtInd><RvslInd>false</RvslInd><Sts>BOOK</Sts><BookgDt><Dt>2022-08-04</Dt></BookgDt><ValDt><Dt>2022-08-04</Dt></ValDt><AcctSvcrRef>2162201091CLHVGK</AcctSvcrRef><BkTxCd><Domn><Cd>PMNT</Cd><Fmly><Cd>RCDT</Cd><SubFmlyCd>ATXN</SubFmlyCd></Fmly></Domn></BkTxCd><NtryDtls><Btch><NbOfTxs>1</NbOfTxs></Btch><TxDtls><Refs><AcctSvcrRef>220804CH091CLHVG</AcctSvcrRef><InstrId>LON03240636983</InstrId><EndToEndId>NOTPROVIDED</EndToEndId><Prtry><Tp>00</Tp><Ref>220804CH091CLHVG</Ref></Prtry></Refs><Amt Ccy="CHF">344.73</Amt><CdtDbtInd>CRDT</CdtDbtInd><BkTxCd><Domn><Cd>PMNT</Cd><Fmly><Cd>RCDT</Cd><SubFmlyCd>ATXN</SubFmlyCd></Fmly></Domn></BkTxCd><RltdPties><Dbtr><Nm>STRIPE PAYMENTS UK LTD</Nm><PstlAdr><AdrLine>9TH FLOOR, 107 CHEAPSIDE GB - LONDO</AdrLine><AdrLine>N EC2V 6DN</AdrLine></PstlAdr></Dbtr><DbtrAcct><Id><IBAN>DK6289000000010375</IBAN></Id></DbtrAcct><CdtrAcct><Id><IBAN>CH9209000000414939852</IBAN></Id></CdtrAcct></RltdPties><RltdAgts><DbtrAgt><FinInstnId><BICFI>CITIGB2LXXX</BICFI><Nm>CITIBANK N.A.</Nm><PstlAdr><AdrLine>CITIBANK CENTRE25 CANADA SQUARE</AdrLine><AdrLine>E14 5LB LONDON</AdrLine></PstlAdr></FinInstnId></DbtrAgt></RltdAgts><RmtInf><Ustrd>STRIPE C1W8X6</Ustrd><Strd><AddtlRmtInf>?REJECT?0</AddtlRmtInf><AddtlRmtInf>?ERROR?000</AddtlRmtInf></Strd></RmtInf><RltdDts><AccptncDtTm>2022-08-04T20:00:00</AccptncDtTm></RltdDts></TxDtls></NtryDtls><AddtlNtryInf>GUTSCHRIFT AUFTRAGGEBER: STRIPE PAYMENTS UK LTD 9TH FLOOR, 107 CHEAPSIDE GB - LONDO N EC2V 6DN MITTEILUNGEN: STRIPE C1W8X6 SPESENBETRAG 0.00 CHF SHA REFERENZEN: NOTPROVIDED LON03240636983 220804CH091CLHVG</AddtlNtryInf></Ntry><Ntry><Amt Ccy="CHF">85.96</Amt><CdtDbtInd>CRDT</CdtDbtInd><RvslInd>false</RvslInd><Sts>BOOK</Sts><BookgDt><Dt>2022-08-04</Dt></BookgDt><ValDt><Dt>2022-08-04</Dt></ValDt><AcctSvcrRef>2162200091DP4WYK</AcctSvcrRef><BkTxCd><Domn><Cd>PMNT</Cd><Fmly><Cd>RCDT</Cd><SubFmlyCd>ATXN</SubFmlyCd></Fmly></Domn></BkTxCd><NtryDtls><Btch><NbOfTxs>1</NbOfTxs></Btch><TxDtls><Refs><AcctSvcrRef>220804CH091DP4WY</AcctSvcrRef><InstrId>PBGIRO20220803001426136543</InstrId><EndToEndId>ZV0100338186367500000002</EndToEndId><Prtry><Tp>00</Tp><Ref>220804CH091DP4WY</Ref></Prtry></Refs><Amt Ccy="CHF">85.96</Amt><CdtDbtInd>CRDT</CdtDbtInd><AmtDtls><TxAmt><Amt Ccy="EUR">89.00</Amt><CcyXchg><SrcCcy>EUR</SrcCcy><TrgtCcy>CHF</TrgtCcy><XchgRate>0.9658</XchgRate></CcyXchg></TxAmt></AmtDtls><BkTxCd><Domn><Cd>PMNT</Cd><Fmly><Cd>RCDT</Cd><SubFmlyCd>ATXN</SubFmlyCd></Fmly></Domn></BkTxCd><RltdPties><Dbtr><Nm>Anja Wickord</Nm><PstlAdr><AdrLine>Winkelsgarten 35</AdrLine><AdrLine>DE 33106 Paderborn</AdrLine></PstlAdr></Dbtr><DbtrAcct><Id><IBAN>DE56200100200918075207</IBAN></Id></DbtrAcct><UltmtDbtr><Nm>ANJA WICKORD</Nm></UltmtDbtr><CdtrAcct><Id><IBAN>CH9209000000414939852</IBAN></Id></CdtrAcct></RltdPties><RltdAgts><DbtrAgt><FinInstnId><BICFI>PBNKDEFFXXX</BICFI><Nm>DEUTSCHE BANK AG-POSTBANK BRANCH ( FORMERLY DEUTSCHE POSTBANK AG)</Nm><PstlAdr><AdrLine>FRIEDRICH-EBERT-ALLEE 114-126</AdrLine><AdrLine>53113 BONN</AdrLine></PstlAdr></FinInstnId></DbtrAgt></RltdAgts><Purp><Cd>CASH</Cd></Purp><RmtInf><Ustrd>Rechnung RE-90187 vom 18.07.2022 Kd</Ustrd><Ustrd>.-Nr.: 079027</Ustrd><Strd><AddtlRmtInf>?REJECT?0</AddtlRmtInf><AddtlRmtInf>?ERROR?000</AddtlRmtInf></Strd></RmtInf><RltdDts><AccptncDtTm>2022-08-04T20:00:00</AccptncDtTm></RltdDts></TxDtls></NtryDtls><AddtlNtryInf>GUTSCHRIFT SEPA TRANSAKTION EUR 89.00 ZUM KURS VON 0.9658 AUFTRAGGEBER: Anja Wickord Winkelsgarten 35 DE 33106 Paderborn ANJA WICKORD MITTEILUNGEN: Rechnung RE-90187 vom 18.07.2022 Kd .-Nr.: 079027 REFERENZEN: ZV0100338186367500000002 PBGIRO20220803001426136543 220804CH091DP4WY</AddtlNtryInf></Ntry><Ntry><NtryRef>CH4330000001414939852</NtryRef><Amt Ccy="CHF">5999.60</Amt><CdtDbtInd>CRDT</CdtDbtInd><RvslInd>false</RvslInd><Sts>BOOK</Sts><BookgDt><Dt>2022-08-04</Dt></BookgDt><ValDt><Dt>2022-08-04</Dt></ValDt><AcctSvcrRef>2162200091GKEUFU</AcctSvcrRef><BkTxCd><Domn><Cd>PMNT</Cd><Fmly><Cd>RCDT</Cd><SubFmlyCd>VCOM</SubFmlyCd></Fmly></Domn></BkTxCd><Chrgs><TtlChrgsAndTaxAmt Ccy="CHF">2.35</TtlChrgsAndTaxAmt><Rcrd><Amt Ccy="CHF">2.35</Amt><CdtDbtInd>DBIT</CdtDbtInd><ChrgInclInd>false</ChrgInclInd><Tp><Prtry><Id>2</Id></Prtry></Tp></Rcrd></Chrgs><NtryDtls><TxDtls><Refs><AcctSvcrRef>2162200091GKEUFU</AcctSvcrRef></Refs><Amt Ccy="CHF">5999.60</Amt><CdtDbtInd>CRDT</CdtDbtInd></TxDtls></NtryDtls><AddtlNtryInf>SAMMELGUTSCHRIFT FÜR KONTO: CH4330000001414939852 VERARBEITUNG VOM 04.08.2022 PAKET ID: 220804CH000007KQ</AddtlNtryInf></Ntry><Ntry><Amt Ccy="CHF">39.90</Amt><CdtDbtInd>CRDT</CdtDbtInd><RvslInd>false</RvslInd><Sts>BOOK</Sts><BookgDt><Dt>2022-08-04</Dt></BookgDt><ValDt><Dt>2022-08-04</Dt></ValDt><AcctSvcrRef>2162400157413368</AcctSvcrRef><BkTxCd><Domn><Cd>PMNT</Cd><Fmly><Cd>MCRD</Cd><SubFmlyCd>POSP</SubFmlyCd></Fmly></Domn></BkTxCd><NtryDtls><TxDtls><Refs><AcctSvcrRef>2162400157413368</AcctSvcrRef></Refs><Amt Ccy="CHF">39.90</Amt><CdtDbtInd>CRDT</CdtDbtInd></TxDtls></NtryDtls><AddtlNtryInf>GUTSCHRIFT E-PAYMENT-TRANSAKTIONEN POSTFINANCE CARD EINLIEFERUNG VOM 03.08.2022 eversmart products Handels GmbH PFAQ08S90000001 https://womancare-cup.ch</AddtlNtryInf></Ntry><Ntry><Amt Ccy="CHF">99.90</Amt><CdtDbtInd>CRDT</CdtDbtInd><RvslInd>false</RvslInd><Sts>BOOK</Sts><BookgDt><Dt>2022-08-04</Dt></BookgDt><ValDt><Dt>2022-08-04</Dt></ValDt><AcctSvcrRef>2162400157413379</AcctSvcrRef><BkTxCd><Domn><Cd>PMNT</Cd><Fmly><Cd>MCRD</Cd><SubFmlyCd>POSP</SubFmlyCd></Fmly></Domn></BkTxCd><NtryDtls><TxDtls><Refs><AcctSvcrRef>2162400157413379</AcctSvcrRef></Refs><Amt Ccy="CHF">99.90</Amt><CdtDbtInd>CRDT</CdtDbtInd></TxDtls></NtryDtls><AddtlNtryInf>GUTSCHRIFT E-PAYMENT-TRANSAKTIONEN POSTFINANCE E-FINANCE EINLIEFERUNG VOM 03.08.2022 eversmart products Handels GmbH PFAQ08TW0000001 https://www.sanaclip.ch</AddtlNtryInf></Ntry><Ntry><Amt Ccy="CHF">59.90</Amt><CdtDbtInd>CRDT</CdtDbtInd><RvslInd>false</RvslInd><Sts>BOOK</Sts><BookgDt><Dt>2022-08-04</Dt></BookgDt><ValDt><Dt>2022-08-04</Dt></ValDt><AcctSvcrRef>2162400157413395</AcctSvcrRef><BkTxCd><Domn><Cd>PMNT</Cd><Fmly><Cd>MCRD</Cd><SubFmlyCd>POSP</SubFmlyCd></Fmly></Domn></BkTxCd><NtryDtls><TxDtls><Refs><AcctSvcrRef>2162400157413395</AcctSvcrRef></Refs><Amt Ccy="CHF">59.90</Amt><CdtDbtInd>CRDT</CdtDbtInd></TxDtls></NtryDtls><AddtlNtryInf>GUTSCHRIFT E-PAYMENT-TRANSAKTIONEN POSTFINANCE CARD EINLIEFERUNG VOM 03.08.2022 eversmart products Handels GmbH PFAQ08TW0000001 https://www.sanaclip.ch</AddtlNtryInf></Ntry><Ntry><Amt Ccy="CHF">79.90</Amt><CdtDbtInd>CRDT</CdtDbtInd><RvslInd>false</RvslInd><Sts>BOOK</Sts><BookgDt><Dt>2022-08-04</Dt></BookgDt><ValDt><Dt>2022-08-04</Dt></ValDt><AcctSvcrRef>2162400157413405</AcctSvcrRef><BkTxCd><Domn><Cd>PMNT</Cd><Fmly><Cd>MCRD</Cd><SubFmlyCd>POSP</SubFmlyCd></Fmly></Domn></BkTxCd><NtryDtls><TxDtls><Refs><AcctSvcrRef>2162400157413405</AcctSvcrRef></Refs><Amt Ccy="CHF">79.90</Amt><CdtDbtInd>CRDT</CdtDbtInd></TxDtls></NtryDtls><AddtlNtryInf>GUTSCHRIFT E-PAYMENT-TRANSAKTIONEN POSTFINANCE CARD EINLIEFERUNG VOM 03.08.2022 eversmart products Handels GmbH PFAQ08TX0000001 https://knirschfrei.ch</AddtlNtryInf></Ntry><Ntry><Amt Ccy="CHF">59.90</Amt><CdtDbtInd>CRDT</CdtDbtInd><RvslInd>false</RvslInd><Sts>BOOK</Sts><BookgDt><Dt>2022-08-04</Dt></BookgDt><ValDt><Dt>2022-08-04</Dt></ValDt><AcctSvcrRef>2162400157413457</AcctSvcrRef><BkTxCd><Domn><Cd>PMNT</Cd><Fmly><Cd>MCRD</Cd><SubFmlyCd>POSP</SubFmlyCd></Fmly></Domn></BkTxCd><NtryDtls><TxDtls><Refs><AcctSvcrRef>2162400157413457</AcctSvcrRef></Refs><Amt Ccy="CHF">59.90</Amt><CdtDbtInd>CRDT</CdtDbtInd></TxDtls></NtryDtls><AddtlNtryInf>GUTSCHRIFT E-PAYMENT-TRANSAKTIONEN POSTFINANCE CARD EINLIEFERUNG VOM 03.08.2022 eversmart products Handels GmbH PFAQ08S00000001 www.loewenhaar.ch</AddtlNtryInf></Ntry></Stmt></BkToCstmrStmt></Document>
