<?xml version="1.0" encoding="UTF-8"?>
<Document xmlns="urn:iso:std:iso:20022:tech:xsd:camt.053.001.04" xmlns:xsi="http://www.w3.org/2001/XMLSchema-instance" xsi:schemaLocation="urn:iso:std:iso:20022:tech:xsd:camt.053.001.04 camt.053.001.04.xsd"><BkToCstmrStmt><GrpHdr><MsgId>20220811375204902634239</MsgId><CreDtTm>2022-08-12T01:39:13</CreDtTm><MsgPgntn><PgNb>1</PgNb><LastPgInd>true</LastPgInd></MsgPgntn><AddtlInf>SPS/1.7/PROD</AddtlInf></GrpHdr><Stmt><Id>20220811375204902634275</Id><ElctrncSeqNb>156</ElctrncSeqNb><CreDtTm>2022-08-12T01:39:13</CreDtTm><FrToDt><FrDtTm>2022-08-11T00:00:00</FrDtTm><ToDtTm>2022-08-11T23:59:59</ToDtTm></FrToDt><Acct><Id><IBAN>CH9209000000414939852</IBAN></Id><Ownr><Nm>eversmart products Handels GmbH Pfäffikon SZ</Nm></Ownr></Acct><Bal><Tp><CdOrPrtry><Cd>OPBD</Cd></CdOrPrtry></Tp><Amt Ccy="CHF">64673.72</Amt><CdtDbtInd>CRDT</CdtDbtInd><Dt><Dt>2022-08-11</Dt></Dt></Bal><Bal><Tp><CdOrPrtry><Cd>CLBD</Cd></CdOrPrtry></Tp><Amt Ccy="CHF">75086.16</Amt><CdtDbtInd>CRDT</CdtDbtInd><Dt><Dt>2022-08-11</Dt></Dt></Bal><Bal><Tp><CdOrPrtry><Cd>CLAV</Cd></CdOrPrtry></Tp><Amt Ccy="CHF">75086.16</Amt><CdtDbtInd>CRDT</CdtDbtInd><Dt><Dt>2022-08-11</Dt></Dt></Bal><Ntry><Amt Ccy="CHF">799.00</Amt><CdtDbtInd>CRDT</CdtDbtInd><RvslInd>false</RvslInd><Sts>BOOK</Sts><BookgDt><Dt>2022-08-11</Dt></BookgDt><ValDt><Dt>2022-08-11</Dt></ValDt><AcctSvcrRef>2232201092A8LWOK</AcctSvcrRef><BkTxCd><Domn><Cd>PMNT</Cd><Fmly><Cd>RCDT</Cd><SubFmlyCd>ATXN</SubFmlyCd></Fmly></Domn></BkTxCd><NtryDtls><Btch><NbOfTxs>1</NbOfTxs></Btch><TxDtls><Refs><AcctSvcrRef>220811CH092A8LWO</AcctSvcrRef><InstrId>117817643/1XXXXX</InstrId><EndToEndId>NOTPROVIDED</EndToEndId><Prtry><Tp>00</Tp><Ref>220811CH092A8LWO</Ref></Prtry></Refs><Amt Ccy="CHF">799.00</Amt><CdtDbtInd>CRDT</CdtDbtInd><BkTxCd><Domn><Cd>PMNT</Cd><Fmly><Cd>RCDT</Cd><SubFmlyCd>ATXN</SubFmlyCd></Fmly></Domn></BkTxCd><RltdPties><Dbtr><Nm>Sylvain Goblet e/o</Nm><PstlAdr><AdrLine>Maryline Marquet ep.Goblet Zehntenf</AdrLine><AdrLine>reistrasse 39</AdrLine></PstlAdr></Dbtr><DbtrAcct><Id><IBAN>CH5108710053676342001</IBAN></Id></DbtrAcct><CdtrAcct><Id><IBAN>CH9209000000414939852</IBAN></Id></CdtrAcct></RltdPties><RltdAgts><DbtrAgt><FinInstnId><ClrSysMmbId><MmbId>8710</MmbId></ClrSysMmbId><Nm>Bank CIC (SCHWEIZ) AG</Nm><PstlAdr><AdrLine>Marktplatz 13</AdrLine><AdrLine>4001 Basel</AdrLine></PstlAdr></FinInstnId></DbtrAgt></RltdAgts><RmtInf><Strd><AddtlRmtInf>?REJECT?0</AddtlRmtInf><AddtlRmtInf>?ERROR?000</AddtlRmtInf></Strd></RmtInf><RltdDts><AccptncDtTm>2022-08-11T20:00:00</AccptncDtTm></RltdDts></TxDtls></NtryDtls><AddtlNtryInf>GUTSCHRIFT AUFTRAGGEBER: Sylvain Goblet e/o Maryline Marquet ep.Goblet Zehntenf reistrasse 39 REFERENZEN: NOTPROVIDED 117817643/1XXXXX 220811CH092A8LWO</AddtlNtryInf></Ntry><Ntry><Amt Ccy="CHF">59.90</Amt><CdtDbtInd>CRDT</CdtDbtInd><RvslInd>false</RvslInd><Sts>BOOK</Sts><BookgDt><Dt>2022-08-11</Dt></BookgDt><ValDt><Dt>2022-08-11</Dt></ValDt><AcctSvcrRef>2232201092AH6J0K</AcctSvcrRef><BkTxCd><Domn><Cd>PMNT</Cd><Fmly><Cd>RCDT</Cd><SubFmlyCd>ATXN</SubFmlyCd></Fmly></Domn></BkTxCd><NtryDtls><Btch><NbOfTxs>1</NbOfTxs></Btch><TxDtls><Refs><AcctSvcrRef>220811CH092AH6J0</AcctSvcrRef><InstrId>1388659127/1XXXX</InstrId><EndToEndId>NOTPROVIDED</EndToEndId><Prtry><Tp>00</Tp><Ref>220811CH092AH6J0</Ref></Prtry></Refs><Amt Ccy="CHF">59.90</Amt><CdtDbtInd>CRDT</CdtDbtInd><BkTxCd><Domn><Cd>PMNT</Cd><Fmly><Cd>RCDT</Cd><SubFmlyCd>ATXN</SubFmlyCd></Fmly></Domn></BkTxCd><RltdPties><Dbtr><Nm>Adrian Steinegger</Nm><PstlAdr><AdrLine>Sagistrasse 1</AdrLine><AdrLine>6344 Meierskappel</AdrLine></PstlAdr></Dbtr><DbtrAcct><Id><IBAN>CH3400778010056837910</IBAN></Id></DbtrAcct><CdtrAcct><Id><IBAN>CH9209000000414939852</IBAN></Id></CdtrAcct></RltdPties><RltdAgts><DbtrAgt><FinInstnId><ClrSysMmbId><MmbId>778</MmbId></ClrSysMmbId><Nm>Luzerner Kantonalbank AG</Nm><PstlAdr><AdrLine>Pilatusstrasse 12</AdrLine><AdrLine>6002 Luzern</AdrLine></PstlAdr></FinInstnId></DbtrAgt></RltdAgts><RmtInf><Ustrd>Rechnung RE-90202</Ustrd><Strd><AddtlRmtInf>?REJECT?0</AddtlRmtInf><AddtlRmtInf>?ERROR?000</AddtlRmtInf></Strd></RmtInf><RltdDts><AccptncDtTm>2022-08-11T20:00:00</AccptncDtTm></RltdDts></TxDtls></NtryDtls><AddtlNtryInf>GUTSCHRIFT AUFTRAGGEBER: Adrian Steinegger Sagistrasse 1 6344 Meierskappel MITTEILUNGEN: Rechnung RE-90202 REFERENZEN: NOTPROVIDED 1388659127/1XXXX 220811CH092AH6J0</AddtlNtryInf></Ntry><Ntry><Amt Ccy="CHF">4897.90</Amt><CdtDbtInd>CRDT</CdtDbtInd><RvslInd>false</RvslInd><Sts>BOOK</Sts><BookgDt><Dt>2022-08-11</Dt></BookgDt><ValDt><Dt>2022-08-11</Dt></ValDt><AcctSvcrRef>2232201092AUQINK</AcctSvcrRef><BkTxCd><Domn><Cd>PMNT</Cd><Fmly><Cd>RCDT</Cd><SubFmlyCd>ATXN</SubFmlyCd></Fmly></Domn></BkTxCd><NtryDtls><Btch><NbOfTxs>1</NbOfTxs></Btch><TxDtls><Refs><AcctSvcrRef>220811CH092AUQIN</AcctSvcrRef><InstrId>9908222TI6424107</InstrId><EndToEndId>NOTPROVIDED</EndToEndId><Prtry><Tp>00</Tp><Ref>220811CH092AUQIN</Ref></Prtry></Refs><Amt Ccy="CHF">4897.90</Amt><CdtDbtInd>CRDT</CdtDbtInd><BkTxCd><Domn><Cd>PMNT</Cd><Fmly><Cd>RCDT</Cd><SubFmlyCd>ATXN</SubFmlyCd></Fmly></Domn></BkTxCd><RltdPties><Dbtr><Nm>SCHULDTITEL ONLINE AG</Nm><PstlAdr><AdrLine>C/O ADVERTA TREUHAND AG QUADERSTRAS</AdrLine><AdrLine>SE 11 CH 7001 CHUR</AdrLine></PstlAdr></Dbtr><DbtrAcct><Id><IBAN>CH880020820892074501D</IBAN></Id></DbtrAcct><CdtrAcct><Id><IBAN>CH9209000000414939852</IBAN></Id></CdtrAcct></RltdPties><RltdAgts><DbtrAgt><FinInstnId><ClrSysMmbId><MmbId>208</MmbId></ClrSysMmbId><Nm>UBS Switzerland AG</Nm><PstlAdr><AdrLine>Poststrasse 1</AdrLine><AdrLine>7002 Chur</AdrLine></PstlAdr></FinInstnId></DbtrAgt></RltdAgts><RmtInf><Ustrd>ABR 797 15 </Ustrd><Strd><AddtlRmtInf>?REJECT?0</AddtlRmtInf><AddtlRmtInf>?ERROR?000</AddtlRmtInf></Strd></RmtInf><RltdDts><AccptncDtTm>2022-08-11T20:00:00</AccptncDtTm></RltdDts></TxDtls></NtryDtls><AddtlNtryInf>GUTSCHRIFT AUFTRAGGEBER: SCHULDTITEL ONLINE AG C/O ADVERTA TREUHAND AG QUADERSTRAS SE 11 CH 7001 CHUR MITTEILUNGEN: ABR 797 15  SPESENBETRAG 0.00 CHF SHA REFERENZEN: NOTPROVIDED 9908222TI6424107 220811CH092AUQIN</AddtlNtryInf></Ntry><Ntry><Amt Ccy="CHF">5489.51</Amt><CdtDbtInd>CRDT</CdtDbtInd><RvslInd>false</RvslInd><Sts>BOOK</Sts><BookgDt><Dt>2022-08-11</Dt></BookgDt><ValDt><Dt>2022-08-11</Dt></ValDt><AcctSvcrRef>22322000924KVJ3K</AcctSvcrRef><BkTxCd><Domn><Cd>PMNT</Cd><Fmly><Cd>RCDT</Cd><SubFmlyCd>AUTT</SubFmlyCd></Fmly></Domn></BkTxCd><NtryDtls><Btch><NbOfTxs>1</NbOfTxs></Btch><TxDtls><Refs><MsgId>TWINT20220809-101-Merchant</MsgId><AcctSvcrRef>220810CH0924KVJ3</AcctSvcrRef><PmtInfId>TWINT20220809-101-Merchant-B1</PmtInfId><InstrId>129ab3e810044857ab1834a6d9192236</InstrId><EndToEndId>TWINT20220809-101-Merchant-B1</EndToEndId><Prtry><Tp>00</Tp><Ref>220810CH0924KVJ3</Ref></Prtry></Refs><Amt Ccy="CHF">5489.51</Amt><CdtDbtInd>CRDT</CdtDbtInd><BkTxCd><Domn><Cd>PMNT</Cd><Fmly><Cd>RCDT</Cd><SubFmlyCd>AUTT</SubFmlyCd></Fmly></Domn></BkTxCd><RltdPties><Dbtr><Nm>TWINT Acquiring AG</Nm><PstlAdr><StrtNm>Stauffacherstrasse</StrtNm><BldgNb>41</BldgNb><PstCd>8004</PstCd><TwnNm>Zürich</TwnNm><Ctry>CH</Ctry></PstlAdr></Dbtr><DbtrAcct><Id><IBAN>CH6609000000313087410</IBAN></Id></DbtrAcct><CdtrAcct><Id><IBAN>CH9209000000414939852</IBAN></Id></CdtrAcct></RltdPties><RltdAgts><DbtrAgt><FinInstnId><BICFI>POFICHBEXXX</BICFI><Nm>POSTFINANCE AG</Nm><PstlAdr><AdrLine>MINGERSTRASSE , 20</AdrLine><AdrLine>3030 BERN</AdrLine></PstlAdr></FinInstnId></DbtrAgt></RltdAgts><RmtInf><Ustrd>999999 TWINT TWINT Auszahlungen Pay</Ustrd><Ustrd>out 20220810                       </Ustrd><Ustrd>   Gross: 5561.83 Fees: -72.32</Ustrd><Strd><AddtlRmtInf>?REJECT?0</AddtlRmtInf><AddtlRmtInf>?ERROR?000</AddtlRmtInf></Strd></RmtInf><RltdDts><AccptncDtTm>2022-08-11T20:00:00</AccptncDtTm></RltdDts></TxDtls></NtryDtls><AddtlNtryInf>GUTSCHRIFT CH6609000000313087410 ABSENDER: TWINT Acquiring AG Stauffacherstrasse 41 8004 Zürich MITTEILUNGEN: 999999 TWINT TWINT Auszahlungen Pay out 20220810                           Gross: 5561.83 Fees: -72.32 REFERENZEN: TWINT20220809-101-Merchant-B1</AddtlNtryInf></Ntry><Ntry><Amt Ccy="CHF">1173.87</Amt><CdtDbtInd>CRDT</CdtDbtInd><RvslInd>false</RvslInd><Sts>BOOK</Sts><BookgDt><Dt>2022-08-11</Dt></BookgDt><ValDt><Dt>2022-08-11</Dt></ValDt><AcctSvcrRef>2232201092BUXFPK</AcctSvcrRef><BkTxCd><Domn><Cd>PMNT</Cd><Fmly><Cd>RCDT</Cd><SubFmlyCd>ATXN</SubFmlyCd></Fmly></Domn></BkTxCd><NtryDtls><Btch><NbOfTxs>1</NbOfTxs></Btch><TxDtls><Refs><AcctSvcrRef>220811CH092BUXFP</AcctSvcrRef><InstrId>LON03241888848</InstrId><EndToEndId>NOTPROVIDED</EndToEndId><Prtry><Tp>00</Tp><Ref>220811CH092BUXFP</Ref></Prtry></Refs><Amt Ccy="CHF">1173.87</Amt><CdtDbtInd>CRDT</CdtDbtInd><BkTxCd><Domn><Cd>PMNT</Cd><Fmly><Cd>RCDT</Cd><SubFmlyCd>ATXN</SubFmlyCd></Fmly></Domn></BkTxCd><RltdPties><Dbtr><Nm>STRIPE PAYMENTS UK LTD</Nm><PstlAdr><AdrLine>9TH FLOOR, 107 CHEAPSIDE GB - LONDO</AdrLine><AdrLine>N EC2V 6DN</AdrLine></PstlAdr></Dbtr><DbtrAcct><Id><IBAN>DK6289000000010375</IBAN></Id></DbtrAcct><CdtrAcct><Id><IBAN>CH9209000000414939852</IBAN></Id></CdtrAcct></RltdPties><RltdAgts><DbtrAgt><FinInstnId><BICFI>CITIGB2LXXX</BICFI><Nm>CITIBANK N.A.</Nm><PstlAdr><AdrLine>CITIBANK CENTRE25 CANADA SQUARE</AdrLine><AdrLine>E14 5LB LONDON</AdrLine></PstlAdr></FinInstnId></DbtrAgt></RltdAgts><RmtInf><Ustrd>STRIPE W8Z6V8</Ustrd><Strd><AddtlRmtInf>?REJECT?0</AddtlRmtInf><AddtlRmtInf>?ERROR?000</AddtlRmtInf></Strd></RmtInf><RltdDts><AccptncDtTm>2022-08-11T20:00:00</AccptncDtTm></RltdDts></TxDtls></NtryDtls><AddtlNtryInf>GUTSCHRIFT AUFTRAGGEBER: STRIPE PAYMENTS UK LTD 9TH FLOOR, 107 CHEAPSIDE GB - LONDO N EC2V 6DN MITTEILUNGEN: STRIPE W8Z6V8 SPESENBETRAG 0.00 CHF SHA REFERENZEN: NOTPROVIDED LON03241888848 220811CH092BUXFP</AddtlNtryInf></Ntry><Ntry><Amt Ccy="CHF">5123.34</Amt><CdtDbtInd>DBIT</CdtDbtInd><RvslInd>false</RvslInd><Sts>BOOK</Sts><BookgDt><Dt>2022-08-11</Dt></BookgDt><ValDt><Dt>2022-08-11</Dt></ValDt><AcctSvcrRef>22322000925FH11K</AcctSvcrRef><BkTxCd><Domn><Cd>PMNT</Cd><Fmly><Cd>ICDT</Cd><SubFmlyCd>ESCT</SubFmlyCd></Fmly></Domn></BkTxCd><NtryDtls><TxDtls><Refs><AcctSvcrRef>25-639268362-1</AcctSvcrRef><PmtInfId>25:639268362</PmtInfId><InstrId>20220810000800681811871</InstrId></Refs><Amt Ccy="CHF">5123.34</Amt><CdtDbtInd>DBIT</CdtDbtInd><AmtDtls><InstdAmt><Amt Ccy="EUR">5213.00</Amt><CcyXchg><SrcCcy>EUR</SrcCcy><XchgRate>0.9828</XchgRate></CcyXchg></InstdAmt></AmtDtls><BkTxCd><Domn><Cd>PMNT</Cd><Fmly><Cd>ICDT</Cd><SubFmlyCd>ESCT</SubFmlyCd></Fmly></Domn></BkTxCd><RltdPties><Cdtr><Nm>Trustpilot A/S</Nm><PstlAdr><PstCd>1112</PstCd><TwnNm>Copenhagen</TwnNm><Ctry>DK</Ctry></PstlAdr></Cdtr><CdtrAcct><Id><IBAN>DK8830003629780793</IBAN></Id></CdtrAcct></RltdPties><RltdAgts><CdtrAgt><FinInstnId><BICFI>DABADKKKXXX</BICFI><Nm>DANSKE BANK A/S</Nm><PstlAdr><Ctry>DK</Ctry><AdrLine>HOLMENS KANAL, 2-12 1092 COPENHAGEN</AdrLine></PstlAdr></FinInstnId></CdtrAgt></RltdAgts><RmtInf><Ustrd>INV00588349</Ustrd><Strd><AddtlRmtInf>Trustpilot</AddtlRmtInf></Strd></RmtInf></TxDtls></NtryDtls><AddtlNtryInf>GIRO INTERNATIONAL (SEPA) EUR 5'213.00 ZUM KURS VON 0.9828 DANSKE BANK A/S HOLMENS KANAL, 2-12 1092 COPENHAGEN DK8830003629780793 Trustpilot A/S 1112 Copenhagen SENDER REFERENZ: Trustpilot 20220810000800681811871</AddtlNtryInf></Ntry><Ntry><Amt Ccy="CHF">829.00</Amt><CdtDbtInd>CRDT</CdtDbtInd><RvslInd>false</RvslInd><Sts>BOOK</Sts><BookgDt><Dt>2022-08-11</Dt></BookgDt><ValDt><Dt>2022-08-11</Dt></ValDt><AcctSvcrRef>2232201092DBM6IK</AcctSvcrRef><BkTxCd><Domn><Cd>PMNT</Cd><Fmly><Cd>RCDT</Cd><SubFmlyCd>ATXN</SubFmlyCd></Fmly></Domn></BkTxCd><NtryDtls><Btch><NbOfTxs>1</NbOfTxs></Btch><TxDtls><Refs><AcctSvcrRef>220811CH092DBM6I</AcctSvcrRef><InstrId>9917223TO6731418</InstrId><EndToEndId>NOTPROVIDED</EndToEndId><Prtry><Tp>00</Tp><Ref>220811CH092DBM6I</Ref></Prtry></Refs><Amt Ccy="CHF">829.00</Amt><CdtDbtInd>CRDT</CdtDbtInd><BkTxCd><Domn><Cd>PMNT</Cd><Fmly><Cd>RCDT</Cd><SubFmlyCd>ATXN</SubFmlyCd></Fmly></Domn></BkTxCd><RltdPties><Dbtr><Nm>ANDREAS MARTIN BRIECHLE</Nm><PstlAdr><AdrLine>HAUPTSTRASSE 121 CH 8280 KREUZLINGE</AdrLine><AdrLine>N</AdrLine></PstlAdr></Dbtr><DbtrAcct><Id><IBAN>CH290021721711751640X</IBAN></Id></DbtrAcct><CdtrAcct><Id><IBAN>CH9209000000414939852</IBAN></Id></CdtrAcct></RltdPties><RltdAgts><DbtrAgt><FinInstnId><ClrSysMmbId><MmbId>217</MmbId></ClrSysMmbId><Nm>UBS Switzerland AG</Nm><PstlAdr><AdrLine>Hauptstrasse 37</AdrLine><AdrLine>8280 Kreuzlingen 1</AdrLine></PstlAdr></FinInstnId></DbtrAgt></RltdAgts><RmtInf><Ustrd>BESTELLUNG 9506 </Ustrd><Strd><AddtlRmtInf>?REJECT?0</AddtlRmtInf><AddtlRmtInf>?ERROR?000</AddtlRmtInf></Strd></RmtInf><RltdDts><AccptncDtTm>2022-08-11T20:00:00</AccptncDtTm></RltdDts></TxDtls></NtryDtls><AddtlNtryInf>GUTSCHRIFT AUFTRAGGEBER: ANDREAS MARTIN BRIECHLE HAUPTSTRASSE 121 CH 8280 KREUZLINGE N MITTEILUNGEN: BESTELLUNG 9506  SPESENBETRAG 0.00 CHF SHA REFERENZEN: NOTPROVIDED 9917223TO6731418 220811CH092DBM6I</AddtlNtryInf></Ntry><Ntry><Amt Ccy="CHF">49.90</Amt><CdtDbtInd>CRDT</CdtDbtInd><RvslInd>false</RvslInd><Sts>BOOK</Sts><BookgDt><Dt>2022-08-11</Dt></BookgDt><ValDt><Dt>2022-08-11</Dt></ValDt><AcctSvcrRef>2232201092DD8QNK</AcctSvcrRef><BkTxCd><Domn><Cd>PMNT</Cd><Fmly><Cd>RCDT</Cd><SubFmlyCd>ATXN</SubFmlyCd></Fmly></Domn></BkTxCd><NtryDtls><Btch><NbOfTxs>1</NbOfTxs></Btch><TxDtls><Refs><AcctSvcrRef>220811CH092DD8QN</AcctSvcrRef><InstrId>16808340656/6XXX</InstrId><EndToEndId>NOTPROVIDED</EndToEndId><Prtry><Tp>00</Tp><Ref>220811CH092DD8QN</Ref></Prtry></Refs><Amt Ccy="CHF">49.90</Amt><CdtDbtInd>CRDT</CdtDbtInd><BkTxCd><Domn><Cd>PMNT</Cd><Fmly><Cd>RCDT</Cd><SubFmlyCd>ATXN</SubFmlyCd></Fmly></Domn></BkTxCd><RltdPties><Dbtr><Nm>Susanne Jeanette Raez</Nm><PstlAdr><AdrLine>Unterdorfstrasse 21</AdrLine><AdrLine>3072 Ostermundigen</AdrLine></PstlAdr></Dbtr><DbtrAcct><Id><IBAN>CH7580808002986863203</IBAN></Id></DbtrAcct><CdtrAcct><Id><IBAN>CH9209000000414939852</IBAN></Id></CdtrAcct></RltdPties><RltdAgts><DbtrAgt><FinInstnId><ClrSysMmbId><MmbId>80094</MmbId></ClrSysMmbId><Nm>Raiffeisenbank Worblen-Emmental</Nm><PstlAdr><AdrLine>Bahnhofstrasse 7</AdrLine><AdrLine>3507 Biglen</AdrLine></PstlAdr></FinInstnId></DbtrAgt></RltdAgts><RmtInf><Ustrd>Rechnung RE-89882</Ustrd><Strd><AddtlRmtInf>?REJECT?0</AddtlRmtInf><AddtlRmtInf>?ERROR?000</AddtlRmtInf></Strd></RmtInf><RltdDts><AccptncDtTm>2022-08-11T20:00:00</AccptncDtTm></RltdDts></TxDtls></NtryDtls><AddtlNtryInf>GUTSCHRIFT AUFTRAGGEBER: Susanne Jeanette Raez Unterdorfstrasse 21 3072 Ostermundigen MITTEILUNGEN: Rechnung RE-89882 REFERENZEN: NOTPROVIDED 16808340656/6XXX 220811CH092DD8QN</AddtlNtryInf></Ntry><Ntry><NtryRef>CH4330000001414939852</NtryRef><Amt Ccy="CHF">1877.30</Amt><CdtDbtInd>CRDT</CdtDbtInd><RvslInd>false</RvslInd><Sts>BOOK</Sts><BookgDt><Dt>2022-08-11</Dt></BookgDt><ValDt><Dt>2022-08-11</Dt></ValDt><AcctSvcrRef>2232200092FIPEGU</AcctSvcrRef><BkTxCd><Domn><Cd>PMNT</Cd><Fmly><Cd>RCDT</Cd><SubFmlyCd>VCOM</SubFmlyCd></Fmly></Domn></BkTxCd><NtryDtls><TxDtls><Refs><AcctSvcrRef>2232200092FIPEGU</AcctSvcrRef></Refs><Amt Ccy="CHF">1877.30</Amt><CdtDbtInd>CRDT</CdtDbtInd></TxDtls></NtryDtls><AddtlNtryInf>SAMMELGUTSCHRIFT FÜR KONTO: CH4330000001414939852 VERARBEITUNG VOM 11.08.2022 PAKET ID: 220811CH000006KX</AddtlNtryInf></Ntry><Ntry><NtryRef>CH9530000002414939852</NtryRef><Amt Ccy="CHF">89.80</Amt><CdtDbtInd>CRDT</CdtDbtInd><RvslInd>false</RvslInd><Sts>BOOK</Sts><BookgDt><Dt>2022-08-11</Dt></BookgDt><ValDt><Dt>2022-08-11</Dt></ValDt><AcctSvcrRef>2232200092FIZORU</AcctSvcrRef><BkTxCd><Domn><Cd>PMNT</Cd><Fmly><Cd>RCDT</Cd><SubFmlyCd>VCOM</SubFmlyCd></Fmly></Domn></BkTxCd><NtryDtls><TxDtls><Refs><AcctSvcrRef>2232200092FIZORU</AcctSvcrRef></Refs><Amt Ccy="CHF">89.80</Amt><CdtDbtInd>CRDT</CdtDbtInd></TxDtls></NtryDtls><AddtlNtryInf>SAMMELGUTSCHRIFT FÜR KONTO: CH9530000002414939852 VERARBEITUNG VOM 11.08.2022 PAKET ID: 220811CH00000ARL</AddtlNtryInf></Ntry><Ntry><Amt Ccy="CHF">79.90</Amt><CdtDbtInd>CRDT</CdtDbtInd><RvslInd>false</RvslInd><Sts>BOOK</Sts><BookgDt><Dt>2022-08-11</Dt></BookgDt><ValDt><Dt>2022-08-11</Dt></ValDt><AcctSvcrRef>2232400168132225</AcctSvcrRef><BkTxCd><Domn><Cd>PMNT</Cd><Fmly><Cd>MCRD</Cd><SubFmlyCd>POSP</SubFmlyCd></Fmly></Domn></BkTxCd><NtryDtls><TxDtls><Refs><AcctSvcrRef>2232400168132225</AcctSvcrRef></Refs><Amt Ccy="CHF">79.90</Amt><CdtDbtInd>CRDT</CdtDbtInd></TxDtls></NtryDtls><AddtlNtryInf>GUTSCHRIFT E-PAYMENT-TRANSAKTIONEN POSTFINANCE CARD EINLIEFERUNG VOM 10.08.2022 eversmart products Handels PFAQ08SE0000001 www.der-fussexperte.ch</AddtlNtryInf></Ntry><Ntry><Amt Ccy="CHF">49.90</Amt><CdtDbtInd>CRDT</CdtDbtInd><RvslInd>false</RvslInd><Sts>BOOK</Sts><BookgDt><Dt>2022-08-11</Dt></BookgDt><ValDt><Dt>2022-08-11</Dt></ValDt><AcctSvcrRef>2232400168132231</AcctSvcrRef><BkTxCd><Domn><Cd>PMNT</Cd><Fmly><Cd>MCRD</Cd><SubFmlyCd>POSP</SubFmlyCd></Fmly></Domn></BkTxCd><NtryDtls><TxDtls><Refs><AcctSvcrRef>2232400168132231</AcctSvcrRef></Refs><Amt Ccy="CHF">49.90</Amt><CdtDbtInd>CRDT</CdtDbtInd></TxDtls></NtryDtls><AddtlNtryInf>GUTSCHRIFT E-PAYMENT-TRANSAKTIONEN POSTFINANCE CARD EINLIEFERUNG VOM 10.08.2022 eversmart products Handels GmbH PFAQ08UD0000001 www.augengold.ch</AddtlNtryInf></Ntry><Ntry><Amt Ccy="CHF">139.80</Amt><CdtDbtInd>CRDT</CdtDbtInd><RvslInd>false</RvslInd><Sts>BOOK</Sts><BookgDt><Dt>2022-08-11</Dt></BookgDt><ValDt><Dt>2022-08-11</Dt></ValDt><AcctSvcrRef>2232400168132237</AcctSvcrRef><BkTxCd><Domn><Cd>PMNT</Cd><Fmly><Cd>MCRD</Cd><SubFmlyCd>POSP</SubFmlyCd></Fmly></Domn></BkTxCd><NtryDtls><TxDtls><Refs><AcctSvcrRef>2232400168132237</AcctSvcrRef></Refs><Amt Ccy="CHF">139.80</Amt><CdtDbtInd>CRDT</CdtDbtInd></TxDtls></NtryDtls><AddtlNtryInf>GUTSCHRIFT E-PAYMENT-TRANSAKTIONEN POSTFINANCE CARD EINLIEFERUNG VOM 10.08.2022 eversmart products Handels GmbH PFAQ08UF0000001 www.nagelpilz-entfernen.ch</AddtlNtryInf></Ntry></Stmt></BkToCstmrStmt></Document>
