<?xml version="1.0" encoding="UTF-8"?>
<Document xmlns="urn:iso:std:iso:20022:tech:xsd:camt.053.001.04" xmlns:xsi="http://www.w3.org/2001/XMLSchema-instance" xsi:schemaLocation="urn:iso:std:iso:20022:tech:xsd:camt.053.001.04 camt.053.001.04.xsd"><BkToCstmrStmt><GrpHdr><MsgId>20220603375204853888317</MsgId><CreDtTm>2022-06-04T02:01:51</CreDtTm><MsgPgntn><PgNb>1</PgNb><LastPgInd>true</LastPgInd></MsgPgntn><AddtlInf>SPS/1.7/PROD</AddtlInf></GrpHdr><Stmt><Id>20220603375204853888339</Id><ElctrncSeqNb>108</ElctrncSeqNb><CreDtTm>2022-06-04T02:01:51</CreDtTm><FrToDt><FrDtTm>2022-06-03T00:00:00</FrDtTm><ToDtTm>2022-06-03T23:59:59</ToDtTm></FrToDt><Acct><Id><IBAN>CH9209000000414939852</IBAN></Id><Ownr><Nm>eversmart products Handels GmbH Pfäffikon SZ</Nm></Ownr></Acct><Bal><Tp><CdOrPrtry><Cd>OPBD</Cd></CdOrPrtry></Tp><Amt Ccy="CHF">12346.75</Amt><CdtDbtInd>CRDT</CdtDbtInd><Dt><Dt>2022-06-03</Dt></Dt></Bal><Bal><Tp><CdOrPrtry><Cd>CLBD</Cd></CdOrPrtry></Tp><Amt Ccy="CHF">18111.05</Amt><CdtDbtInd>CRDT</CdtDbtInd><Dt><Dt>2022-06-03</Dt></Dt></Bal><Bal><Tp><CdOrPrtry><Cd>CLAV</Cd></CdOrPrtry></Tp><Amt Ccy="CHF">18111.05</Amt><CdtDbtInd>CRDT</CdtDbtInd><Dt><Dt>2022-06-03</Dt></Dt></Bal><Ntry><Amt Ccy="CHF">7488.50</Amt><CdtDbtInd>DBIT</CdtDbtInd><RvslInd>false</RvslInd><Sts>BOOK</Sts><BookgDt><Dt>2022-06-03</Dt></BookgDt><ValDt><Dt>2022-06-03</Dt></ValDt><AcctSvcrRef>154220008QHASI6K</AcctSvcrRef><BkTxCd><Domn><Cd>PMNT</Cd><Fmly><Cd>ICDT</Cd><SubFmlyCd>BOOK</SubFmlyCd></Fmly></Domn></BkTxCd><NtryDtls><TxDtls><Refs><AcctSvcrRef>25-589869216-1</AcctSvcrRef><PmtInfId>25:589869216</PmtInfId><InstrId>20220525000800444754502</InstrId></Refs><Amt Ccy="CHF">7488.50</Amt><CdtDbtInd>DBIT</CdtDbtInd><BkTxCd><Domn><Cd>PMNT</Cd><Fmly><Cd>ICDT</Cd><SubFmlyCd>BOOK</SubFmlyCd></Fmly></Domn></BkTxCd><RltdPties><Cdtr><Nm>Amt für Finanzen</Nm><PstlAdr><Ctry>CH</Ctry><AdrLine>Schwyz</AdrLine></PstlAdr></Cdtr><CdtrAcct><Id><IBAN>CH4930000004600005942</IBAN></Id></CdtrAcct></RltdPties><RltdAgts><CdtrAgt><FinInstnId><BICFI>POFICHBEXXX</BICFI><PstlAdr><Ctry>CH</Ctry></PstlAdr></FinInstnId></CdtrAgt></RltdAgts><RmtInf><Strd><CdtrRefInf><Tp><CdOrPrtry><Prtry>QRR</Prtry></CdOrPrtry></Tp><Ref>124178272021010000000100007</Ref></CdtrRefInf><AddtlRmtInf>Direkte Bundessteuer 2021</AddtlRmtInf></Strd></RmtInf></TxDtls></NtryDtls><AddtlNtryInf>LASTSCHRIFT CH4930000004600005942 Amt für Finanzen Schwyz SENDER REFERENZ: Direkte Bundessteuer 2021 20220525000800444754502</AddtlNtryInf></Ntry><Ntry><Amt Ccy="CHF">3000.00</Amt><CdtDbtInd>DBIT</CdtDbtInd><RvslInd>false</RvslInd><Sts>BOOK</Sts><BookgDt><Dt>2022-06-03</Dt></BookgDt><ValDt><Dt>2022-06-03</Dt></ValDt><AcctSvcrRef>154220008S0O98JK</AcctSvcrRef><BkTxCd><Domn><Cd>PMNT</Cd><Fmly><Cd>ICDT</Cd><SubFmlyCd>DMCT</SubFmlyCd></Fmly></Domn></BkTxCd><NtryDtls><TxDtls><Refs><AcctSvcrRef>25-597748445-1</AcctSvcrRef><PmtInfId>25:597748445</PmtInfId><InstrId>20220602000800605408091</InstrId></Refs><Amt Ccy="CHF">3000.00</Amt><CdtDbtInd>DBIT</CdtDbtInd><BkTxCd><Domn><Cd>PMNT</Cd><Fmly><Cd>ICDT</Cd><SubFmlyCd>DMCT</SubFmlyCd></Fmly></Domn></BkTxCd><RltdPties><Cdtr><Nm>Cornèr Banca SA, Lugano</Nm><PstlAdr><Ctry>CH</Ctry></PstlAdr></Cdtr><CdtrAcct><Id><IBAN>CH6408490900130065656</IBAN></Id></CdtrAcct></RltdPties><RltdAgts><CdtrAgt><FinInstnId><BICFI>CBLUCH22XXX</BICFI><Nm>Cornèr Banca SA</Nm><PstlAdr><Ctry>CH</Ctry><AdrLine>Via Canova 16</AdrLine><AdrLine>6901 Lugano</AdrLine></PstlAdr></FinInstnId></CdtrAgt></RltdAgts><RmtInf><Ustrd>eversmart products Handels GmbH</Ustrd><Strd><AddtlRmtInf>kreditkarte</AddtlRmtInf></Strd></RmtInf></TxDtls></NtryDtls><AddtlNtryInf>LASTSCHRIFT Cornèr Banca SA Via Canova 16 6901 Lugano CH6408490900130065656 Cornèr Banca SA, Lugano SENDER REFERENZ: kreditkarte 20220602000800605408091</AddtlNtryInf></Ntry><Ntry><Amt Ccy="CHF">1320.80</Amt><CdtDbtInd>DBIT</CdtDbtInd><RvslInd>false</RvslInd><Sts>BOOK</Sts><BookgDt><Dt>2022-06-03</Dt></BookgDt><ValDt><Dt>2022-06-03</Dt></ValDt><AcctSvcrRef>154220008QG7GW9K</AcctSvcrRef><BkTxCd><Domn><Cd>PMNT</Cd><Fmly><Cd>ICDT</Cd><SubFmlyCd>DMCT</SubFmlyCd></Fmly></Domn></BkTxCd><NtryDtls><TxDtls><Refs><AcctSvcrRef>25-589881548-1</AcctSvcrRef><PmtInfId>25:589881548</PmtInfId><InstrId>20220525000800445042779</InstrId></Refs><Amt Ccy="CHF">1320.80</Amt><CdtDbtInd>DBIT</CdtDbtInd><BkTxCd><Domn><Cd>PMNT</Cd><Fmly><Cd>ICDT</Cd><SubFmlyCd>DMCT</SubFmlyCd></Fmly></Domn></BkTxCd><RltdPties><Cdtr><Nm>BonAssistus Pensionskasse Cl. 230</Nm><PstlAdr><Ctry>CH</Ctry><AdrLine>Industriestrasse 25 8604 Volketswil</AdrLine></PstlAdr></Cdtr><CdtrAcct><Id><IBAN>CH6100230230P02283160</IBAN></Id></CdtrAcct></RltdPties><RltdAgts><CdtrAgt><FinInstnId><BICFI>UBSWCHZH80A</BICFI><Nm>UBS Switzerland AG</Nm><PstlAdr><Ctry>CH</Ctry><AdrLine>Bahnhofstrasse 45 8098 Zürich</AdrLine></PstlAdr></FinInstnId></CdtrAgt></RltdAgts><RmtInf><Ustrd>Pensionskasse Mai 2022 eversmart pr</Ustrd><Ustrd>oducts Handels GmbH</Ustrd><Strd><AddtlRmtInf>Pensionskassenbeiträge Mai 2022</AddtlRmtInf></Strd></RmtInf></TxDtls></NtryDtls><AddtlNtryInf>LASTSCHRIFT UBS Switzerland AG Bahnhofstrasse 45 8098 Zürich CH6100230230P02283160 BonAssistus Pensionskasse Cl. 230 Industriestrasse 25 8604 Volketswil SENDER REFERENZ: Pensionskassenbeiträge Mai 2022 20220525000800445042779</AddtlNtryInf></Ntry><Ntry><Amt Ccy="CHF">4368.00</Amt><CdtDbtInd>CRDT</CdtDbtInd><RvslInd>false</RvslInd><Sts>BOOK</Sts><BookgDt><Dt>2022-06-03</Dt></BookgDt><ValDt><Dt>2022-06-03</Dt></ValDt><AcctSvcrRef>154220108S2L73AK</AcctSvcrRef><BkTxCd><Domn><Cd>PMNT</Cd><Fmly><Cd>RCDT</Cd><SubFmlyCd>ATXN</SubFmlyCd></Fmly></Domn></BkTxCd><NtryDtls><Btch><NbOfTxs>1</NbOfTxs></Btch><TxDtls><Refs><AcctSvcrRef>220603CH08S2L73A</AcctSvcrRef><InstrId>DNVF220602C59639</InstrId><EndToEndId>NOTPROVIDED</EndToEndId><Prtry><Tp>00</Tp><Ref>220603CH08S2L73A</Ref></Prtry></Refs><Amt Ccy="CHF">4368.00</Amt><CdtDbtInd>CRDT</CdtDbtInd><BkTxCd><Domn><Cd>PMNT</Cd><Fmly><Cd>RCDT</Cd><SubFmlyCd>ATXN</SubFmlyCd></Fmly></Domn></BkTxCd><RltdPties><Dbtr><Nm>Reishauer AG</Nm><PstlAdr><StrtNm>Industriestrasse</StrtNm><BldgNb>36</BldgNb><PstCd>8304</PstCd><TwnNm>Wallisellen</TwnNm><Ctry>CH</Ctry></PstlAdr></Dbtr><DbtrAcct><Id><IBAN>CH4304835040477791000</IBAN></Id></DbtrAcct><CdtrAcct><Id><IBAN>CH9209000000414939852</IBAN></Id></CdtrAcct></RltdPties><RltdAgts><DbtrAgt><FinInstnId><ClrSysMmbId><MmbId>4835</MmbId></ClrSysMmbId><Nm>Credit Suisse (Schweiz) AG</Nm><PstlAdr><AdrLine>Paradeplatz 8</AdrLine><AdrLine>8070 Zürich</AdrLine></PstlAdr></FinInstnId></DbtrAgt></RltdAgts><RmtInf><Ustrd>No.RE-85655/27.4.2022</Ustrd><Strd><AddtlRmtInf>?REJECT?0</AddtlRmtInf><AddtlRmtInf>?ERROR?000</AddtlRmtInf></Strd></RmtInf><RltdDts><AccptncDtTm>2022-06-03T20:00:00</AccptncDtTm></RltdDts></TxDtls></NtryDtls><AddtlNtryInf>GUTSCHRIFT AUFTRAGGEBER: Reishauer AG Industriestrasse 36 8304 Wallisellen MITTEILUNGEN: No.RE-85655/27.4.2022 SPESENBETRAG 0.00 CHF SHA REFERENZEN: NOTPROVIDED DNVF220602C59639 220603CH08S2L73A</AddtlNtryInf></Ntry><Ntry><Amt Ccy="CHF">79.90</Amt><CdtDbtInd>CRDT</CdtDbtInd><RvslInd>false</RvslInd><Sts>BOOK</Sts><BookgDt><Dt>2022-06-03</Dt></BookgDt><ValDt><Dt>2022-06-03</Dt></ValDt><AcctSvcrRef>154220108S31TB7K</AcctSvcrRef><BkTxCd><Domn><Cd>PMNT</Cd><Fmly><Cd>RCDT</Cd><SubFmlyCd>ATXN</SubFmlyCd></Fmly></Domn></BkTxCd><NtryDtls><Btch><NbOfTxs>1</NbOfTxs></Btch><TxDtls><Refs><AcctSvcrRef>220603CH08S31TB7</AcctSvcrRef><InstrId>20528941065.0009</InstrId><EndToEndId>NOTPROVIDED</EndToEndId><Prtry><Tp>00</Tp><Ref>220603CH08S31TB7</Ref></Prtry></Refs><Amt Ccy="CHF">79.90</Amt><CdtDbtInd>CRDT</CdtDbtInd><BkTxCd><Domn><Cd>PMNT</Cd><Fmly><Cd>RCDT</Cd><SubFmlyCd>ATXN</SubFmlyCd></Fmly></Domn></BkTxCd><RltdPties><Dbtr><Nm>Balet Patrick</Nm><PstlAdr><StrtNm>Rue des Condemines</StrtNm><BldgNb>8</BldgNb><PstCd>1971</PstCd><TwnNm>Grimisuat</TwnNm><Ctry>CH</Ctry></PstlAdr></Dbtr><DbtrAcct><Id><IBAN>CH1500765000T01047831</IBAN></Id></DbtrAcct><CdtrAcct><Id><IBAN>CH9209000000414939852</IBAN></Id></CdtrAcct></RltdPties><RltdAgts><DbtrAgt><FinInstnId><ClrSysMmbId><MmbId>765</MmbId></ClrSysMmbId><Nm>Banque Cantonale du Valais</Nm><PstlAdr><AdrLine>Place des Cèdres 8</AdrLine><AdrLine>1951 Sion/Sitten</AdrLine></PstlAdr></FinInstnId></DbtrAgt></RltdAgts><RmtInf><Ustrd>Fact. RE-86127 Commande Bruxima.ch </Ustrd><Ustrd>13937</Ustrd><Strd><AddtlRmtInf>?REJECT?0</AddtlRmtInf><AddtlRmtInf>?ERROR?000</AddtlRmtInf></Strd></RmtInf><RltdDts><AccptncDtTm>2022-06-03T20:00:00</AccptncDtTm></RltdDts></TxDtls></NtryDtls><AddtlNtryInf>GUTSCHRIFT AUFTRAGGEBER: Balet Patrick Rue des Condemines 8 1971 Grimisuat MITTEILUNGEN: Fact. RE-86127 Commande Bruxima.ch  13937 REFERENZEN: NOTPROVIDED 20528941065.0009 220603CH08S31TB7</AddtlNtryInf></Ntry><Ntry><Amt Ccy="CHF">5457.19</Amt><CdtDbtInd>CRDT</CdtDbtInd><RvslInd>false</RvslInd><Sts>BOOK</Sts><BookgDt><Dt>2022-06-03</Dt></BookgDt><ValDt><Dt>2022-06-03</Dt></ValDt><AcctSvcrRef>154220008RW3SB3K</AcctSvcrRef><BkTxCd><Domn><Cd>PMNT</Cd><Fmly><Cd>RCDT</Cd><SubFmlyCd>AUTT</SubFmlyCd></Fmly></Domn></BkTxCd><NtryDtls><Btch><NbOfTxs>1</NbOfTxs></Btch><TxDtls><Refs><MsgId>TWINT20220601-101-Merchant</MsgId><AcctSvcrRef>220602CH08RW3SB3</AcctSvcrRef><PmtInfId>TWINT20220601-101-Merchant-B1</PmtInfId><InstrId>dc21125647d94d2cb9e4599999e1fd68</InstrId><EndToEndId>TWINT20220601-101-Merchant-B1</EndToEndId><Prtry><Tp>00</Tp><Ref>220602CH08RW3SB3</Ref></Prtry></Refs><Amt Ccy="CHF">5457.19</Amt><CdtDbtInd>CRDT</CdtDbtInd><BkTxCd><Domn><Cd>PMNT</Cd><Fmly><Cd>RCDT</Cd><SubFmlyCd>AUTT</SubFmlyCd></Fmly></Domn></BkTxCd><RltdPties><Dbtr><Nm>TWINT Acquiring AG</Nm><PstlAdr><StrtNm>Stauffacherstrasse</StrtNm><BldgNb>41</BldgNb><PstCd>8004</PstCd><TwnNm>Zürich</TwnNm><Ctry>CH</Ctry></PstlAdr></Dbtr><DbtrAcct><Id><IBAN>CH6609000000313087410</IBAN></Id></DbtrAcct><CdtrAcct><Id><IBAN>CH9209000000414939852</IBAN></Id></CdtrAcct></RltdPties><RltdAgts><DbtrAgt><FinInstnId><BICFI>POFICHBEXXX</BICFI><Nm>POSTFINANCE AG</Nm><PstlAdr><AdrLine>MINGERSTRASSE , 20</AdrLine><AdrLine>3030 BERN</AdrLine></PstlAdr></FinInstnId></DbtrAgt></RltdAgts><RmtInf><Ustrd>999999 TWINT TWINT Auszahlungen Pay</Ustrd><Ustrd>out 20220602                       </Ustrd><Ustrd>   Gross: 5529.10 Fees: -71.91</Ustrd><Strd><AddtlRmtInf>?REJECT?0</AddtlRmtInf><AddtlRmtInf>?ERROR?000</AddtlRmtInf></Strd></RmtInf><RltdDts><AccptncDtTm>2022-06-03T20:00:00</AccptncDtTm></RltdDts></TxDtls></NtryDtls><AddtlNtryInf>GUTSCHRIFT CH6609000000313087410 ABSENDER: TWINT Acquiring AG Stauffacherstrasse 41 8004 Zürich MITTEILUNGEN: 999999 TWINT TWINT Auszahlungen Pay out 20220602                           Gross: 5529.10 Fees: -71.91 REFERENZEN: TWINT20220601-101-Merchant-B1</AddtlNtryInf></Ntry><Ntry><Amt Ccy="CHF">79.90</Amt><CdtDbtInd>CRDT</CdtDbtInd><RvslInd>false</RvslInd><Sts>BOOK</Sts><BookgDt><Dt>2022-06-03</Dt></BookgDt><ValDt><Dt>2022-06-03</Dt></ValDt><AcctSvcrRef>154220108S1ZFTWK</AcctSvcrRef><BkTxCd><Domn><Cd>PMNT</Cd><Fmly><Cd>RCDT</Cd><SubFmlyCd>AUTT</SubFmlyCd></Fmly></Domn></BkTxCd><NtryDtls><Btch><NbOfTxs>1</NbOfTxs></Btch><TxDtls><Refs><AcctSvcrRef>220603CH08S1ZFTW</AcctSvcrRef><InstrId>20220603000800615009870</InstrId><Prtry><Tp>00</Tp><Ref>220603CH08S1ZFTW</Ref></Prtry></Refs><Amt Ccy="CHF">79.90</Amt><CdtDbtInd>CRDT</CdtDbtInd><BkTxCd><Domn><Cd>PMNT</Cd><Fmly><Cd>RCDT</Cd><SubFmlyCd>AUTT</SubFmlyCd></Fmly></Domn></BkTxCd><RltdPties><Dbtr><Nm>Alija, Albesa</Nm><PstlAdr><StrtNm>Looslistrasse</StrtNm><BldgNb>75</BldgNb><PstCd>3027</PstCd><TwnNm>Bern</TwnNm><Ctry>CH</Ctry></PstlAdr></Dbtr><DbtrAcct><Id><IBAN>CH8509000000302924184</IBAN></Id></DbtrAcct><CdtrAcct><Id><IBAN>CH9209000000414939852</IBAN></Id></CdtrAcct></RltdPties><RltdAgts><DbtrAgt><FinInstnId><BICFI>POFICHBEXXX</BICFI><Nm>POSTFINANCE AG</Nm><PstlAdr><AdrLine>MINGERSTRASSE , 20</AdrLine><AdrLine>3030 BERN</AdrLine></PstlAdr></FinInstnId></DbtrAgt></RltdAgts><RmtInf><Ustrd>Referenz00 00000 00000 00000 00008 </Ustrd><Ustrd>25728</Ustrd><Strd><AddtlRmtInf>?REJECT?0</AddtlRmtInf><AddtlRmtInf>?ERROR?000</AddtlRmtInf></Strd></RmtInf><RltdDts><AccptncDtTm>2022-06-03T20:00:00</AccptncDtTm></RltdDts></TxDtls></NtryDtls><AddtlNtryInf>GUTSCHRIFT CH8509000000302924184 ABSENDER: Alija, Albesa Looslistrasse 75 3027 Bern MITTEILUNGEN: Referenz00 00000 00000 00000 00008  25728</AddtlNtryInf></Ntry><Ntry><Amt Ccy="CHF">2106.00</Amt><CdtDbtInd>CRDT</CdtDbtInd><RvslInd>false</RvslInd><Sts>BOOK</Sts><BookgDt><Dt>2022-06-03</Dt></BookgDt><ValDt><Dt>2022-06-03</Dt></ValDt><AcctSvcrRef>154220108S6SW0LK</AcctSvcrRef><BkTxCd><Domn><Cd>PMNT</Cd><Fmly><Cd>RCDT</Cd><SubFmlyCd>ATXN</SubFmlyCd></Fmly></Domn></BkTxCd><NtryDtls><Btch><NbOfTxs>1</NbOfTxs></Btch><TxDtls><Refs><AcctSvcrRef>220603CH08S6SW0L</AcctSvcrRef><InstrId>20603854339.0002</InstrId><EndToEndId>NOTPROVIDED</EndToEndId><Prtry><Tp>00</Tp><Ref>220603CH08S6SW0L</Ref></Prtry></Refs><Amt Ccy="CHF">2106.00</Amt><CdtDbtInd>CRDT</CdtDbtInd><BkTxCd><Domn><Cd>PMNT</Cd><Fmly><Cd>RCDT</Cd><SubFmlyCd>ATXN</SubFmlyCd></Fmly></Domn></BkTxCd><RltdPties><Dbtr><Nm>Spitex Sattel-Rothenthurm</Nm><PstlAdr><AdrLine>Dorfstrasse 7</AdrLine><AdrLine>6417 Sattel</AdrLine></PstlAdr></Dbtr><DbtrAcct><Id><IBAN>CH2300777008728592617</IBAN></Id></DbtrAcct><CdtrAcct><Id><IBAN>CH9209000000414939852</IBAN></Id></CdtrAcct></RltdPties><RltdAgts><DbtrAgt><FinInstnId><ClrSysMmbId><MmbId>777</MmbId></ClrSysMmbId><Nm>Schwyzer Kantonalbank</Nm><PstlAdr><AdrLine>Bahnhofstrasse 3</AdrLine><AdrLine>6431 Schwyz</AdrLine></PstlAdr></FinInstnId></DbtrAgt></RltdAgts><RmtInf><Ustrd>86568 Stehpulte fur Admin</Ustrd><Strd><AddtlRmtInf>?REJECT?0</AddtlRmtInf><AddtlRmtInf>?ERROR?000</AddtlRmtInf></Strd></RmtInf><RltdDts><AccptncDtTm>2022-06-03T20:00:00</AccptncDtTm></RltdDts></TxDtls></NtryDtls><AddtlNtryInf>GUTSCHRIFT AUFTRAGGEBER: Spitex Sattel-Rothenthurm Dorfstrasse 7 6417 Sattel MITTEILUNGEN: 86568 Stehpulte fur Admin REFERENZEN: NOTPROVIDED 20603854339.0002 220603CH08S6SW0L</AddtlNtryInf></Ntry><Ntry><NtryRef>CH4330000001414939852</NtryRef><Amt Ccy="CHF">5804.08</Amt><CdtDbtInd>CRDT</CdtDbtInd><RvslInd>false</RvslInd><Sts>BOOK</Sts><BookgDt><Dt>2022-06-03</Dt></BookgDt><ValDt><Dt>2022-06-03</Dt></ValDt><AcctSvcrRef>154220008S8KAKJU</AcctSvcrRef><BkTxCd><Domn><Cd>PMNT</Cd><Fmly><Cd>RCDT</Cd><SubFmlyCd>VCOM</SubFmlyCd></Fmly></Domn></BkTxCd><Chrgs><TtlChrgsAndTaxAmt Ccy="CHF">2.80</TtlChrgsAndTaxAmt><Rcrd><Amt Ccy="CHF">2.80</Amt><CdtDbtInd>DBIT</CdtDbtInd><ChrgInclInd>false</ChrgInclInd><Tp><Prtry><Id>2</Id></Prtry></Tp></Rcrd></Chrgs><NtryDtls><TxDtls><Refs><AcctSvcrRef>154220008S8KAKJU</AcctSvcrRef></Refs><Amt Ccy="CHF">5804.08</Amt><CdtDbtInd>CRDT</CdtDbtInd></TxDtls></NtryDtls><AddtlNtryInf>SAMMELGUTSCHRIFT FÜR KONTO: CH4330000001414939852 VERARBEITUNG VOM 03.06.2022 PAKET ID: 220603CH000007WD</AddtlNtryInf></Ntry><Ntry><Amt Ccy="CHF">381.37</Amt><CdtDbtInd>DBIT</CdtDbtInd><RvslInd>false</RvslInd><Sts>BOOK</Sts><BookgDt><Dt>2022-06-03</Dt></BookgDt><ValDt><Dt>2022-06-03</Dt></ValDt><AcctSvcrRef>1542400060904387</AcctSvcrRef><BkTxCd><Domn><Cd>PMNT</Cd><Fmly><Cd>CCRD</Cd><SubFmlyCd>CHRG</SubFmlyCd></Fmly></Domn></BkTxCd><NtryDtls><TxDtls><Refs><AcctSvcrRef>1542400060904387</AcctSvcrRef></Refs><Amt Ccy="CHF">381.37</Amt><CdtDbtInd>DBIT</CdtDbtInd></TxDtls></NtryDtls><AddtlNtryInf>POSTFINANCE CHECKOUT RECHNUNG 19663 (INKL. MWST 7.70%) CHE-116.302.542 MWST RECHNUNGSNUMMER: 44418 April 2022</AddtlNtryInf></Ntry><Ntry><Amt Ccy="CHF">59.90</Amt><CdtDbtInd>CRDT</CdtDbtInd><RvslInd>false</RvslInd><Sts>BOOK</Sts><BookgDt><Dt>2022-06-03</Dt></BookgDt><ValDt><Dt>2022-06-03</Dt></ValDt><AcctSvcrRef>1542400060913378</AcctSvcrRef><BkTxCd><Domn><Cd>PMNT</Cd><Fmly><Cd>MCRD</Cd><SubFmlyCd>POSP</SubFmlyCd></Fmly></Domn></BkTxCd><NtryDtls><TxDtls><Refs><AcctSvcrRef>1542400060913378</AcctSvcrRef></Refs><Amt Ccy="CHF">59.90</Amt><CdtDbtInd>CRDT</CdtDbtInd></TxDtls></NtryDtls><AddtlNtryInf>GUTSCHRIFT E-PAYMENT-TRANSAKTIONEN POSTFINANCE E-FINANCE EINLIEFERUNG VOM 02.06.2022 eversmart products Handels GmbH PFAQ08TZ0000001 www.fiebercheck.ch</AddtlNtryInf></Ntry></Stmt></BkToCstmrStmt></Document>
