<?xml version="1.0" encoding="UTF-8"?>
<Document xmlns="urn:iso:std:iso:20022:tech:xsd:camt.053.001.04" xmlns:xsi="http://www.w3.org/2001/XMLSchema-instance" xsi:schemaLocation="urn:iso:std:iso:20022:tech:xsd:camt.053.001.04 camt.053.001.04.xsd"><BkToCstmrStmt><GrpHdr><MsgId>20220923375204932577554</MsgId><CreDtTm>2022-09-24T01:45:36</CreDtTm><MsgPgntn><PgNb>1</PgNb><LastPgInd>true</LastPgInd></MsgPgntn><AddtlInf>SPS/1.7/PROD</AddtlInf></GrpHdr><Stmt><Id>20220923375204932577565</Id><ElctrncSeqNb>187</ElctrncSeqNb><CreDtTm>2022-09-24T01:45:36</CreDtTm><FrToDt><FrDtTm>2022-09-23T00:00:00</FrDtTm><ToDtTm>2022-09-23T23:59:59</ToDtTm></FrToDt><Acct><Id><IBAN>CH9209000000414939852</IBAN></Id><Ownr><Nm>eversmart products Handels GmbH Pfäffikon SZ</Nm></Ownr></Acct><Bal><Tp><CdOrPrtry><Cd>OPBD</Cd></CdOrPrtry></Tp><Amt Ccy="CHF">120668.08</Amt><CdtDbtInd>CRDT</CdtDbtInd><Dt><Dt>2022-09-23</Dt></Dt></Bal><Bal><Tp><CdOrPrtry><Cd>CLBD</Cd></CdOrPrtry></Tp><Amt Ccy="CHF">106158.02</Amt><CdtDbtInd>CRDT</CdtDbtInd><Dt><Dt>2022-09-23</Dt></Dt></Bal><Bal><Tp><CdOrPrtry><Cd>CLAV</Cd></CdOrPrtry></Tp><Amt Ccy="CHF">106158.02</Amt><CdtDbtInd>CRDT</CdtDbtInd><Dt><Dt>2022-09-23</Dt></Dt></Bal><Ntry><Amt Ccy="CHF">52.20</Amt><CdtDbtInd>DBIT</CdtDbtInd><RvslInd>false</RvslInd><Sts>BOOK</Sts><BookgDt><Dt>2022-09-23</Dt></BookgDt><ValDt><Dt>2022-09-23</Dt></ValDt><AcctSvcrRef>2662200098DYX4JK</AcctSvcrRef><BkTxCd><Domn><Cd>PMNT</Cd><Fmly><Cd>ICDT</Cd><SubFmlyCd>DMCT</SubFmlyCd></Fmly></Domn></BkTxCd><NtryDtls><TxDtls><Refs><AcctSvcrRef>25-662071418-1</AcctSvcrRef><PmtInfId>25:662071418</PmtInfId><InstrId>20220922000800377336169</InstrId></Refs><Amt Ccy="CHF">52.20</Amt><CdtDbtInd>DBIT</CdtDbtInd><BkTxCd><Domn><Cd>PMNT</Cd><Fmly><Cd>ICDT</Cd><SubFmlyCd>DMCT</SubFmlyCd></Fmly></Domn></BkTxCd><RltdPties><Cdtr><Nm>UPS United Parcel Service (Schweiz) AG</Nm><PstlAdr><Ctry>CH</Ctry></PstlAdr></Cdtr><CdtrAcct><Id><IBAN>CH073000529211170801N</IBAN></Id></CdtrAcct></RltdPties><RltdAgts><CdtrAgt><FinInstnId><BICFI>UBSWCHZH80A</BICFI><Nm>UBS Switzerland AG</Nm><PstlAdr><Ctry>CH</Ctry><AdrLine>Bahnhofstrasse 45 8098 Zürich</AdrLine></PstlAdr></FinInstnId></CdtrAgt></RltdAgts><RmtInf><Strd><CdtrRefInf><Tp><CdOrPrtry><Prtry>QRR</Prtry></CdOrPrtry></Tp><Ref>263213000000002022009000838</Ref></CdtrRefInf><AddtlRmtInf>UPS 202200900083</AddtlRmtInf></Strd></RmtInf></TxDtls></NtryDtls><AddtlNtryInf>LASTSCHRIFT UBS SWITZERLAND AG BAHNHOFSTRASSE 45 8098 ZÜRICH CH073000529211170801N UPS UNITED PARCEL SERVICE (SCHWEIZ)  AG SENDER REFERENZ: UPS 202200900083 20220922000800377336169</AddtlNtryInf></Ntry><Ntry><Amt Ccy="CHF">880.00</Amt><CdtDbtInd>DBIT</CdtDbtInd><RvslInd>false</RvslInd><Sts>BOOK</Sts><BookgDt><Dt>2022-09-23</Dt></BookgDt><ValDt><Dt>2022-09-23</Dt></ValDt><AcctSvcrRef>2662200098DD96UK</AcctSvcrRef><BkTxCd><Domn><Cd>PMNT</Cd><Fmly><Cd>ICDT</Cd><SubFmlyCd>DMCT</SubFmlyCd></Fmly></Domn></BkTxCd><NtryDtls><TxDtls><Refs><AcctSvcrRef>25-662091170-1</AcctSvcrRef><PmtInfId>25:662091170</PmtInfId><InstrId>20220922000800378013278</InstrId></Refs><Amt Ccy="CHF">880.00</Amt><CdtDbtInd>DBIT</CdtDbtInd><BkTxCd><Domn><Cd>PMNT</Cd><Fmly><Cd>ICDT</Cd><SubFmlyCd>DMCT</SubFmlyCd></Fmly></Domn></BkTxCd><RltdPties><Cdtr><Nm>Duftschloss AG</Nm><PstlAdr><Ctry>CH</Ctry></PstlAdr></Cdtr><CdtrAcct><Id><IBAN>CH8280808002691621364</IBAN></Id></CdtrAcct></RltdPties><RltdAgts><CdtrAgt><FinInstnId><BICFI>RAIFCH22XXX</BICFI><Nm>Raiffeisen</Nm><PstlAdr><Ctry>CH</Ctry><AdrLine>Raiffeisenplatz 9001 St. Gallen</AdrLine></PstlAdr></FinInstnId></CdtrAgt></RltdAgts><RmtInf><Ustrd>RE 64'368</Ustrd><Strd><AddtlRmtInf>RE 64'368 Happysmell</AddtlRmtInf></Strd></RmtInf></TxDtls></NtryDtls><AddtlNtryInf>LASTSCHRIFT RAIFFEISEN RAIFFEISENPLATZ 9001 ST. GALLEN CH8280808002691621364 DUFTSCHLOSS AG SENDER REFERENZ: RE 64'368 HAPPYSMELL 20220922000800378013278</AddtlNtryInf></Ntry><Ntry><NtryRef>CH9209000000414939852</NtryRef><Amt Ccy="CHF">129.70</Amt><CdtDbtInd>CRDT</CdtDbtInd><RvslInd>false</RvslInd><Sts>BOOK</Sts><BookgDt><Dt>2022-09-23</Dt></BookgDt><ValDt><Dt>2022-09-23</Dt></ValDt><AcctSvcrRef>2662201098KRRJBK</AcctSvcrRef><BkTxCd><Domn><Cd>PMNT</Cd><Fmly><Cd>RCDT</Cd><SubFmlyCd>ATXN</SubFmlyCd></Fmly></Domn></BkTxCd><NtryDtls><Btch><NbOfTxs>1</NbOfTxs></Btch><TxDtls><Refs><AcctSvcrRef>220923CH098KRRJB</AcctSvcrRef><InstrId>F000459091470001</InstrId><EndToEndId>a801fe6533cd44d48cea26e2bec5576e</EndToEndId><Prtry><Tp>00</Tp><Ref>220923CH098KRRJB</Ref></Prtry></Refs><Amt Ccy="CHF">129.70</Amt><CdtDbtInd>CRDT</CdtDbtInd><BkTxCd><Domn><Cd>PMNT</Cd><Fmly><Cd>RCDT</Cd><SubFmlyCd>ATXN</SubFmlyCd></Fmly></Domn></BkTxCd><RltdPties><Dbtr><Nm>Anika Jasmin Schenk Weber</Nm><PstlAdr><AdrLine>Trockmatt 6c</AdrLine><AdrLine>5504 Othmarsingen</AdrLine></PstlAdr></Dbtr><DbtrAcct><Id><IBAN>CH0608307000281143307</IBAN></Id></DbtrAcct><CdtrAcct><Id><IBAN>CH9209000000414939852</IBAN></Id></CdtrAcct></RltdPties><RltdAgts><DbtrAgt><FinInstnId><ClrSysMmbId><MmbId>8307</MmbId></ClrSysMmbId><Nm>Hypothekarbank Lenzburg AG</Nm><PstlAdr><AdrLine>Bahnhofstrasse 2</AdrLine><AdrLine>5600 Lenzburg 1</AdrLine></PstlAdr></FinInstnId></DbtrAgt></RltdAgts><RmtInf><Ustrd>RE- 92588  / kundennummer 080929</Ustrd><Strd><AddtlRmtInf>?REJECT?0</AddtlRmtInf><AddtlRmtInf>?ERROR?000</AddtlRmtInf></Strd></RmtInf><RltdDts><AccptncDtTm>2022-09-23T20:00:00</AccptncDtTm></RltdDts></TxDtls></NtryDtls><AddtlNtryInf>GUTSCHRIFT AUFTRAGGEBER: ANIKA JASMIN SCHENK WEBER TROCKMATT 6C  5504 OTHMARSINGEN MITTEILUNGEN: RE- 92588  / KUNDENNUMMER 080929 REFERENZEN: A801FE6533CD44D48CEA26E2BEC5576E F000459091470001 220923CH098KRRJB</AddtlNtryInf></Ntry><Ntry><Amt Ccy="CHF">150.00</Amt><CdtDbtInd>DBIT</CdtDbtInd><RvslInd>false</RvslInd><Sts>BOOK</Sts><BookgDt><Dt>2022-09-23</Dt></BookgDt><ValDt><Dt>2022-09-23</Dt></ValDt><AcctSvcrRef>2662200098DDVHJK</AcctSvcrRef><BkTxCd><Domn><Cd>PMNT</Cd><Fmly><Cd>ICDT</Cd><SubFmlyCd>DMCT</SubFmlyCd></Fmly></Domn></BkTxCd><NtryDtls><TxDtls><Refs><AcctSvcrRef>25-662082803-1</AcctSvcrRef><PmtInfId>25:662082803</PmtInfId><InstrId>20220922000800377748972</InstrId></Refs><Amt Ccy="CHF">150.00</Amt><CdtDbtInd>DBIT</CdtDbtInd><BkTxCd><Domn><Cd>PMNT</Cd><Fmly><Cd>ICDT</Cd><SubFmlyCd>DMCT</SubFmlyCd></Fmly></Domn></BkTxCd><RltdPties><Cdtr><Nm>Max Heckmann</Nm><PstlAdr><Ctry>CH</Ctry></PstlAdr></Cdtr><CdtrAcct><Id><IBAN>CH970024824818470640E</IBAN></Id></CdtrAcct></RltdPties><RltdAgts><CdtrAgt><FinInstnId><BICFI>UBSWCHZH60A</BICFI><Nm>UBS Switzerland AG</Nm><PstlAdr><Ctry>CH</Ctry><AdrLine>Bahnhofplatz 2 6002 Luzern</AdrLine></PstlAdr></FinInstnId></CdtrAgt></RltdAgts><RmtInf><Ustrd>RE-91013 Mein-stehtisch.ch</Ustrd><Strd><AddtlRmtInf>RE-91013 Rabatt Tischplatte defekt</AddtlRmtInf></Strd></RmtInf></TxDtls></NtryDtls><AddtlNtryInf>LASTSCHRIFT UBS SWITZERLAND AG BAHNHOFPLATZ 2 6002 LUZERN CH970024824818470640E MAX HECKMANN SENDER REFERENZ: RE-91013 RABATT TISCHPLATTE DEFEKT 20220922000800377748972</AddtlNtryInf></Ntry><Ntry><Amt Ccy="CHF">20000.00</Amt><CdtDbtInd>DBIT</CdtDbtInd><RvslInd>false</RvslInd><Sts>BOOK</Sts><BookgDt><Dt>2022-09-23</Dt></BookgDt><ValDt><Dt>2022-09-23</Dt></ValDt><AcctSvcrRef>2662200098DR6RMK</AcctSvcrRef><BkTxCd><Domn><Cd>PMNT</Cd><Fmly><Cd>ICDT</Cd><SubFmlyCd>DMCT</SubFmlyCd></Fmly></Domn></BkTxCd><NtryDtls><TxDtls><Refs><AcctSvcrRef>25-662144812-1</AcctSvcrRef><PmtInfId>25:662144812</PmtInfId><InstrId>20220922000800379711693</InstrId></Refs><Amt Ccy="CHF">20000.00</Amt><CdtDbtInd>DBIT</CdtDbtInd><BkTxCd><Domn><Cd>PMNT</Cd><Fmly><Cd>ICDT</Cd><SubFmlyCd>DMCT</SubFmlyCd></Fmly></Domn></BkTxCd><RltdPties><Cdtr><Nm>Godetra AG</Nm><PstlAdr><Ctry>CH</Ctry></PstlAdr></Cdtr><CdtrAcct><Id><IBAN>CH1504835030036301000</IBAN></Id></CdtrAcct></RltdPties><RltdAgts><CdtrAgt><FinInstnId><BICFI>CRESCHZZ80A</BICFI><Nm>Credit Suisse (Schweiz) AG</Nm><PstlAdr><Ctry>CH</Ctry><AdrLine>Paradeplatz 8</AdrLine><AdrLine>8070 Zürich</AdrLine></PstlAdr></FinInstnId></CdtrAgt></RltdAgts><RmtInf><Ustrd>Fulfillment Akonto</Ustrd><Strd><AddtlRmtInf>Fulfillment Akonto</AddtlRmtInf></Strd></RmtInf></TxDtls></NtryDtls><AddtlNtryInf>LASTSCHRIFT CREDIT SUISSE (SCHWEIZ) AG PARADEPLATZ 8 8070 ZÜRICH CH1504835030036301000 GODETRA AG SENDER REFERENZ: FULFILLMENT AKONTO 20220922000800379711693</AddtlNtryInf></Ntry><Ntry><NtryRef>CH9209000000414939852</NtryRef><Amt Ccy="CHF">49.90</Amt><CdtDbtInd>CRDT</CdtDbtInd><RvslInd>false</RvslInd><Sts>BOOK</Sts><BookgDt><Dt>2022-09-23</Dt></BookgDt><ValDt><Dt>2022-09-23</Dt></ValDt><AcctSvcrRef>2662201098L71J2K</AcctSvcrRef><BkTxCd><Domn><Cd>PMNT</Cd><Fmly><Cd>RCDT</Cd><SubFmlyCd>ATXN</SubFmlyCd></Fmly></Domn></BkTxCd><NtryDtls><Btch><NbOfTxs>1</NbOfTxs></Btch><TxDtls><Refs><AcctSvcrRef>220923CH098L71J2</AcctSvcrRef><InstrId>16909243776/6XXX</InstrId><EndToEndId>NOTPROVIDED</EndToEndId><Prtry><Tp>00</Tp><Ref>220923CH098L71J2</Ref></Prtry></Refs><Amt Ccy="CHF">49.90</Amt><CdtDbtInd>CRDT</CdtDbtInd><BkTxCd><Domn><Cd>PMNT</Cd><Fmly><Cd>RCDT</Cd><SubFmlyCd>ATXN</SubFmlyCd></Fmly></Domn></BkTxCd><RltdPties><Dbtr><Nm>Irene Sigg</Nm><PstlAdr><AdrLine>Lindenstrasse 46b</AdrLine><AdrLine>8738 Uetliburg SG</AdrLine></PstlAdr></Dbtr><DbtrAcct><Id><IBAN>CH7780808007322069811</IBAN></Id></DbtrAcct><CdtrAcct><Id><IBAN>CH9209000000414939852</IBAN></Id></CdtrAcct></RltdPties><RltdAgts><DbtrAgt><FinInstnId><ClrSysMmbId><MmbId>81256</MmbId></ClrSysMmbId><Nm>Raiffeisenbank Benken</Nm><PstlAdr><AdrLine>Zentrumplatz 1</AdrLine><AdrLine>8717 Benken SG</AdrLine></PstlAdr></FinInstnId></DbtrAgt></RltdAgts><RmtInf><Strd><AddtlRmtInf>?REJECT?0</AddtlRmtInf><AddtlRmtInf>?ERROR?000</AddtlRmtInf></Strd></RmtInf><RltdDts><AccptncDtTm>2022-09-23T20:00:00</AccptncDtTm></RltdDts></TxDtls></NtryDtls><AddtlNtryInf>GUTSCHRIFT AUFTRAGGEBER: IRENE SIGG LINDENSTRASSE 46B 8738 UETLIBURG SG REFERENZEN: NOTPROVIDED 16909243776/6XXX 220923CH098L71J2</AddtlNtryInf></Ntry><Ntry><NtryRef>CH9209000000414939852</NtryRef><Amt Ccy="CHF">79.90</Amt><CdtDbtInd>CRDT</CdtDbtInd><RvslInd>false</RvslInd><Sts>BOOK</Sts><BookgDt><Dt>2022-09-23</Dt></BookgDt><ValDt><Dt>2022-09-23</Dt></ValDt><AcctSvcrRef>2662201098LPUKOK</AcctSvcrRef><BkTxCd><Domn><Cd>PMNT</Cd><Fmly><Cd>RCDT</Cd><SubFmlyCd>ATXN</SubFmlyCd></Fmly></Domn></BkTxCd><NtryDtls><Btch><NbOfTxs>1</NbOfTxs></Btch><TxDtls><Refs><AcctSvcrRef>220923CH098LPUKO</AcctSvcrRef><InstrId>20922923398.0001</InstrId><EndToEndId>NOTPROVIDED</EndToEndId><Prtry><Tp>00</Tp><Ref>220923CH098LPUKO</Ref></Prtry></Refs><Amt Ccy="CHF">79.90</Amt><CdtDbtInd>CRDT</CdtDbtInd><BkTxCd><Domn><Cd>PMNT</Cd><Fmly><Cd>RCDT</Cd><SubFmlyCd>ATXN</SubFmlyCd></Fmly></Domn></BkTxCd><RltdPties><Dbtr><Nm>Imgruet Peter</Nm><PstlAdr><StrtNm>Magnolienstrasse</StrtNm><BldgNb>13</BldgNb><PstCd>4563</PstCd><TwnNm>Gerlafingen</TwnNm><Ctry>CH</Ctry></PstlAdr></Dbtr><DbtrAcct><Id><IBAN>CH5706300016609916704</IBAN></Id></DbtrAcct><CdtrAcct><Id><IBAN>CH9209000000414939852</IBAN></Id></CdtrAcct></RltdPties><RltdAgts><DbtrAgt><FinInstnId><ClrSysMmbId><MmbId>6300</MmbId></ClrSysMmbId><Nm>Valiant Bank AG</Nm><PstlAdr><AdrLine>Bundesplatz 4</AdrLine><AdrLine>3001 Bern</AdrLine></PstlAdr></FinInstnId></DbtrAgt></RltdAgts><RmtInf><Ustrd>Rechnung RE-93269</Ustrd><Strd><AddtlRmtInf>?REJECT?0</AddtlRmtInf><AddtlRmtInf>?ERROR?000</AddtlRmtInf></Strd></RmtInf><RltdDts><AccptncDtTm>2022-09-23T20:00:00</AccptncDtTm></RltdDts></TxDtls></NtryDtls><AddtlNtryInf>GUTSCHRIFT AUFTRAGGEBER: IMGRUET PETER MAGNOLIENSTRASSE 13 4563 GERLAFINGEN MITTEILUNGEN: RECHNUNG RE-93269 REFERENZEN: NOTPROVIDED 20922923398.0001 220923CH098LPUKO</AddtlNtryInf></Ntry><Ntry><NtryRef>CH9209000000414939852</NtryRef><Amt Ccy="CHF">1355.82</Amt><CdtDbtInd>CRDT</CdtDbtInd><RvslInd>false</RvslInd><Sts>BOOK</Sts><BookgDt><Dt>2022-09-23</Dt></BookgDt><ValDt><Dt>2022-09-23</Dt></ValDt><AcctSvcrRef>2662200098FKAM8K</AcctSvcrRef><BkTxCd><Domn><Cd>PMNT</Cd><Fmly><Cd>RCDT</Cd><SubFmlyCd>AUTT</SubFmlyCd></Fmly></Domn></BkTxCd><NtryDtls><Btch><NbOfTxs>1</NbOfTxs></Btch><TxDtls><Refs><MsgId>TWINT20220921-101-Merchant</MsgId><AcctSvcrRef>220922CH098FKAM8</AcctSvcrRef><PmtInfId>TWINT20220921-101-Merchant-B1</PmtInfId><InstrId>58f72f87e431426e904c1782be8e2f63</InstrId><EndToEndId>TWINT20220921-101-Merchant-B1</EndToEndId><Prtry><Tp>00</Tp><Ref>220922CH098FKAM8</Ref></Prtry></Refs><Amt Ccy="CHF">1355.82</Amt><CdtDbtInd>CRDT</CdtDbtInd><BkTxCd><Domn><Cd>PMNT</Cd><Fmly><Cd>RCDT</Cd><SubFmlyCd>AUTT</SubFmlyCd></Fmly></Domn></BkTxCd><RltdPties><Dbtr><Nm>TWINT Acquiring AG</Nm><PstlAdr><StrtNm>Stauffacherstrasse</StrtNm><BldgNb>41</BldgNb><PstCd>8004</PstCd><TwnNm>Zürich</TwnNm><Ctry>CH</Ctry></PstlAdr></Dbtr><DbtrAcct><Id><IBAN>CH6609000000313087410</IBAN></Id></DbtrAcct><CdtrAcct><Id><IBAN>CH9209000000414939852</IBAN></Id></CdtrAcct></RltdPties><RltdAgts><DbtrAgt><FinInstnId><BICFI>POFICHBEXXX</BICFI><Nm>POSTFINANCE AG</Nm><PstlAdr><AdrLine>MINGERSTRASSE , 20</AdrLine><AdrLine>3030 BERN</AdrLine></PstlAdr></FinInstnId></DbtrAgt></RltdAgts><RmtInf><Ustrd>999999 TWINT TWINT Auszahlungen Pay</Ustrd><Ustrd>out 20220922                       </Ustrd><Ustrd>   Gross: 1373.70 Fees: -17.88</Ustrd><Strd><AddtlRmtInf>?REJECT?0</AddtlRmtInf><AddtlRmtInf>?ERROR?000</AddtlRmtInf></Strd></RmtInf><RltdDts><AccptncDtTm>2022-09-23T20:00:00</AccptncDtTm></RltdDts></TxDtls></NtryDtls><AddtlNtryInf>GUTSCHRIFT CH6609000000313087410 ABSENDER: TWINT ACQUIRING AG STAUFFACHERSTRASSE 41 8004 ZÜRICH MITTEILUNGEN: 999999 TWINT TWINT AUSZAHLUNGEN PAY OUT 20220922                           GROSS: 1373.70 FEES: -17.88 REFERENZEN: TWINT20220921-101-MERCHANT-B1</AddtlNtryInf></Ntry><Ntry><NtryRef>CH9209000000414939852</NtryRef><Amt Ccy="CHF">59.90</Amt><CdtDbtInd>CRDT</CdtDbtInd><RvslInd>false</RvslInd><Sts>BOOK</Sts><BookgDt><Dt>2022-09-23</Dt></BookgDt><ValDt><Dt>2022-09-23</Dt></ValDt><AcctSvcrRef>2662201098N0Z4RK</AcctSvcrRef><BkTxCd><Domn><Cd>PMNT</Cd><Fmly><Cd>RCDT</Cd><SubFmlyCd>ATXN</SubFmlyCd></Fmly></Domn></BkTxCd><NtryDtls><Btch><NbOfTxs>1</NbOfTxs></Btch><TxDtls><Refs><AcctSvcrRef>220923CH098N0Z4R</AcctSvcrRef><InstrId>9961266TO0818025</InstrId><EndToEndId>NOTPROVIDED</EndToEndId><Prtry><Tp>00</Tp><Ref>220923CH098N0Z4R</Ref></Prtry></Refs><Amt Ccy="CHF">59.90</Amt><CdtDbtInd>CRDT</CdtDbtInd><BkTxCd><Domn><Cd>PMNT</Cd><Fmly><Cd>RCDT</Cd><SubFmlyCd>ATXN</SubFmlyCd></Fmly></Domn></BkTxCd><RltdPties><Dbtr><Nm>GIORGIO TRANCHINA</Nm><PstlAdr><AdrLine>ST. LAURENTIUSSTRASSE 16 CH 4613 RI</AdrLine><AdrLine>CKENBACH SO</AdrLine></PstlAdr></Dbtr><DbtrAcct><Id><IBAN>CH080026126137591340M</IBAN></Id></DbtrAcct><CdtrAcct><Id><IBAN>CH9209000000414939852</IBAN></Id></CdtrAcct></RltdPties><RltdAgts><DbtrAgt><FinInstnId><ClrSysMmbId><MmbId>261</MmbId></ClrSysMmbId><Nm>UBS Switzerland AG</Nm><PstlAdr><AdrLine>Froburgstrasse 17</AdrLine><AdrLine>4600 Olten</AdrLine></PstlAdr></FinInstnId></DbtrAgt></RltdAgts><RmtInf><Ustrd>RECHNUNG RE 83875 </Ustrd><Strd><AddtlRmtInf>?REJECT?0</AddtlRmtInf><AddtlRmtInf>?ERROR?000</AddtlRmtInf></Strd></RmtInf><RltdDts><AccptncDtTm>2022-09-23T20:00:00</AccptncDtTm></RltdDts></TxDtls></NtryDtls><AddtlNtryInf>GUTSCHRIFT AUFTRAGGEBER: GIORGIO TRANCHINA ST. LAURENTIUSSTRASSE 16 CH 4613 RI CKENBACH SO MITTEILUNGEN: RECHNUNG RE 83875  SPESENBETRAG 0.00 CHF SHA REFERENZEN: NOTPROVIDED 9961266TO0818025 220923CH098N0Z4R</AddtlNtryInf></Ntry><Ntry><NtryRef>CH4330000001414939852</NtryRef><Amt Ccy="CHF">4558.22</Amt><CdtDbtInd>CRDT</CdtDbtInd><RvslInd>false</RvslInd><Sts>BOOK</Sts><BookgDt><Dt>2022-09-23</Dt></BookgDt><ValDt><Dt>2022-09-23</Dt></ValDt><AcctSvcrRef>2662200098SFTA8U</AcctSvcrRef><BkTxCd><Domn><Cd>PMNT</Cd><Fmly><Cd>RCDT</Cd><SubFmlyCd>VCOM</SubFmlyCd></Fmly></Domn></BkTxCd><NtryDtls><TxDtls><Refs><AcctSvcrRef>2662200098SFTA8U</AcctSvcrRef></Refs><Amt Ccy="CHF">4558.22</Amt><CdtDbtInd>CRDT</CdtDbtInd></TxDtls></NtryDtls><AddtlNtryInf>SAMMELGUTSCHRIFT FÜR KONTO: CH4330000001414939852 VERARBEITUNG VOM 23.09.2022 PAKET ID: 220923CH0000095I</AddtlNtryInf></Ntry><Ntry><NtryRef>CH9530000002414939852</NtryRef><Amt Ccy="CHF">189.70</Amt><CdtDbtInd>CRDT</CdtDbtInd><RvslInd>false</RvslInd><Sts>BOOK</Sts><BookgDt><Dt>2022-09-23</Dt></BookgDt><ValDt><Dt>2022-09-23</Dt></ValDt><AcctSvcrRef>2662200098SFSUOU</AcctSvcrRef><BkTxCd><Domn><Cd>PMNT</Cd><Fmly><Cd>RCDT</Cd><SubFmlyCd>VCOM</SubFmlyCd></Fmly></Domn></BkTxCd><NtryDtls><TxDtls><Refs><AcctSvcrRef>2662200098SFSUOU</AcctSvcrRef></Refs><Amt Ccy="CHF">189.70</Amt><CdtDbtInd>CRDT</CdtDbtInd></TxDtls></NtryDtls><AddtlNtryInf>SAMMELGUTSCHRIFT FÜR KONTO: CH9530000002414939852 VERARBEITUNG VOM 23.09.2022 PAKET ID: 220923CH00000EJH</AddtlNtryInf></Ntry><Ntry><Amt Ccy="CHF">149.00</Amt><CdtDbtInd>CRDT</CdtDbtInd><RvslInd>false</RvslInd><Sts>BOOK</Sts><BookgDt><Dt>2022-09-23</Dt></BookgDt><ValDt><Dt>2022-09-23</Dt></ValDt><AcctSvcrRef>2662400236291990</AcctSvcrRef><BkTxCd><Domn><Cd>PMNT</Cd><Fmly><Cd>MCRD</Cd><SubFmlyCd>POSP</SubFmlyCd></Fmly></Domn></BkTxCd><NtryDtls><TxDtls><Refs><AcctSvcrRef>2662400236291990</AcctSvcrRef></Refs><Amt Ccy="CHF">149.00</Amt><CdtDbtInd>CRDT</CdtDbtInd></TxDtls></NtryDtls><AddtlNtryInf>GUTSCHRIFT E-PAYMENT-TRANSAKTIONEN POSTFINANCE E-FINANCE EINLIEFERUNG VOM 22.09.2022 EVERSMART C/O FULFILLMENT.SWISS PFAQ0A020000001 HTTPS://MASSAGE-PISTOLE-SHOP.C</AddtlNtryInf></Ntry></Stmt></BkToCstmrStmt></Document>
