<?xml version="1.0" encoding="UTF-8"?>
<Document xmlns="urn:iso:std:iso:20022:tech:xsd:camt.053.001.04" xmlns:xsi="http://www.w3.org/2001/XMLSchema-instance" xsi:schemaLocation="urn:iso:std:iso:20022:tech:xsd:camt.053.001.04 camt.053.001.04.xsd"><BkToCstmrStmt><GrpHdr><MsgId>20221012375204950233234</MsgId><CreDtTm>2022-10-13T01:35:08</CreDtTm><MsgPgntn><PgNb>1</PgNb><LastPgInd>true</LastPgInd></MsgPgntn><AddtlInf>SPS/1.7/PROD</AddtlInf></GrpHdr><Stmt><Id>20221012375204950233252</Id><ElctrncSeqNb>200</ElctrncSeqNb><CreDtTm>2022-10-13T01:35:08</CreDtTm><FrToDt><FrDtTm>2022-10-12T00:00:00</FrDtTm><ToDtTm>2022-10-12T23:59:59</ToDtTm></FrToDt><Acct><Id><IBAN>CH9209000000414939852</IBAN></Id><Ownr><Nm>eversmart products Handels GmbH Pfäffikon SZ</Nm></Ownr></Acct><Bal><Tp><CdOrPrtry><Cd>OPBD</Cd></CdOrPrtry></Tp><Amt Ccy="CHF">92054.82</Amt><CdtDbtInd>CRDT</CdtDbtInd><Dt><Dt>2022-10-12</Dt></Dt></Bal><Bal><Tp><CdOrPrtry><Cd>CLBD</Cd></CdOrPrtry></Tp><Amt Ccy="CHF">92896.21</Amt><CdtDbtInd>CRDT</CdtDbtInd><Dt><Dt>2022-10-12</Dt></Dt></Bal><Bal><Tp><CdOrPrtry><Cd>CLAV</Cd></CdOrPrtry></Tp><Amt Ccy="CHF">92896.21</Amt><CdtDbtInd>CRDT</CdtDbtInd><Dt><Dt>2022-10-12</Dt></Dt></Bal><Bal><Tp><CdOrPrtry><Cd>FWAV</Cd></CdOrPrtry></Tp><Amt Ccy="CHF">84072.26</Amt><CdtDbtInd>CRDT</CdtDbtInd><Dt><Dt>2022-10-13</Dt></Dt></Bal><Ntry><Amt Ccy="CHF">5269.81</Amt><CdtDbtInd>DBIT</CdtDbtInd><RvslInd>false</RvslInd><Sts>BOOK</Sts><BookgDt><Dt>2022-10-12</Dt></BookgDt><ValDt><Dt>2022-10-12</Dt></ValDt><AcctSvcrRef>285220009B3WFEGK</AcctSvcrRef><BkTxCd><Domn><Cd>PMNT</Cd><Fmly><Cd>ICDT</Cd><SubFmlyCd>ESCT</SubFmlyCd></Fmly></Domn></BkTxCd><NtryDtls><TxDtls><Refs><AcctSvcrRef>25-674064963-1</AcctSvcrRef><PmtInfId>25:674064963</PmtInfId><InstrId>20221007000800692116239</InstrId></Refs><Amt Ccy="CHF">5269.81</Amt><CdtDbtInd>DBIT</CdtDbtInd><AmtDtls><InstdAmt><Amt Ccy="EUR">5378.45</Amt><CcyXchg><SrcCcy>EUR</SrcCcy><XchgRate>0.9819</XchgRate></CcyXchg></InstdAmt></AmtDtls><BkTxCd><Domn><Cd>PMNT</Cd><Fmly><Cd>ICDT</Cd><SubFmlyCd>ESCT</SubFmlyCd></Fmly></Domn></BkTxCd><RltdPties><Cdtr><Nm>AllBlue e. K.</Nm><PstlAdr><StrtNm>Bahnhofstr.</StrtNm><BldgNb>10</BldgNb><PstCd>86237</PstCd><TwnNm>Ebersdorf b. Coburg</TwnNm><Ctry>DE</Ctry></PstlAdr></Cdtr><CdtrAcct><Id><IBAN>DE30110101015626789630</IBAN></Id></CdtrAcct></RltdPties><RltdAgts><CdtrAgt><FinInstnId><BICFI>SOBKDEB2XXX</BICFI><Nm>SOLARISBANK AG</Nm><PstlAdr><Ctry>DE</Ctry><AdrLine>CUVRYSTRASSE 53</AdrLine><AdrLine>10997 BERLIN</AdrLine></PstlAdr></FinInstnId></CdtrAgt></RltdAgts><RmtInf><Ustrd>RE0073</Ustrd><Strd><AddtlRmtInf>Q3 Lizenz Löwenhaar</AddtlRmtInf></Strd></RmtInf></TxDtls></NtryDtls><AddtlNtryInf>GIRO INTERNATIONAL (SEPA) EUR 5'378.45 ZUM KURS VON 0.9798 SOLARISBANK AG CUVRYSTRASSE 53 10997 BERLIN DE30110101015626789630 ALLBLUE E. K. BAHNHOFSTR. 10 86237 EBERSDORF B. COBURG SENDER REFERENZ: Q3 LIZENZ LÖWENHAAR 20221007000800692116239</AddtlNtryInf></Ntry><Ntry><NtryRef>CH9209000000414939852</NtryRef><Amt Ccy="CHF">179.80</Amt><CdtDbtInd>CRDT</CdtDbtInd><RvslInd>false</RvslInd><Sts>BOOK</Sts><BookgDt><Dt>2022-10-12</Dt></BookgDt><ValDt><Dt>2022-10-12</Dt></ValDt><AcctSvcrRef>285220109BN1JKHK</AcctSvcrRef><BkTxCd><Domn><Cd>PMNT</Cd><Fmly><Cd>RCDT</Cd><SubFmlyCd>AUTT</SubFmlyCd></Fmly></Domn></BkTxCd><NtryDtls><Btch><NbOfTxs>1</NbOfTxs></Btch><TxDtls><Refs><AcctSvcrRef>221011CH09BN1JKH</AcctSvcrRef><InstrId>20221011000800749266061</InstrId><Prtry><Tp>00</Tp><Ref>221011CH09BN1JKH</Ref></Prtry></Refs><Amt Ccy="CHF">179.80</Amt><CdtDbtInd>CRDT</CdtDbtInd><BkTxCd><Domn><Cd>PMNT</Cd><Fmly><Cd>RCDT</Cd><SubFmlyCd>AUTT</SubFmlyCd></Fmly></Domn></BkTxCd><RltdPties><Dbtr><Nm>Wolf, Saskia</Nm><PstlAdr><StrtNm>Hofmattstrasse</StrtNm><BldgNb>3</BldgNb><PstCd>4415</PstCd><TwnNm>Lausen</TwnNm><Ctry>CH</Ctry></PstlAdr></Dbtr><DbtrAcct><Id><IBAN>CH7309000000151667644</IBAN></Id></DbtrAcct><CdtrAcct><Id><IBAN>CH9209000000414939852</IBAN></Id></CdtrAcct></RltdPties><RltdAgts><DbtrAgt><FinInstnId><BICFI>POFICHBEXXX</BICFI><Nm>POSTFINANCE AG</Nm><PstlAdr><AdrLine>MINGERSTRASSE 20</AdrLine><AdrLine>3030 BERN</AdrLine></PstlAdr></FinInstnId></DbtrAgt></RltdAgts><RmtInf><Ustrd>Bestellnummer: 2534</Ustrd><Strd><AddtlRmtInf>?REJECT?0</AddtlRmtInf><AddtlRmtInf>?ERROR?000</AddtlRmtInf></Strd></RmtInf><RltdDts><AccptncDtTm>2022-10-12T20:00:00</AccptncDtTm></RltdDts></TxDtls></NtryDtls><AddtlNtryInf>GUTSCHRIFT CH7309000000151667644 ABSENDER: WOLF, SASKIA HOFMATTSTRASSE 3 4415 LAUSEN MITTEILUNGEN: BESTELLNUMMER: 2534</AddtlNtryInf></Ntry><Ntry><NtryRef>CH9209000000414939852</NtryRef><Amt Ccy="CHF">111.00</Amt><CdtDbtInd>CRDT</CdtDbtInd><RvslInd>false</RvslInd><Sts>BOOK</Sts><BookgDt><Dt>2022-10-12</Dt></BookgDt><ValDt><Dt>2022-10-12</Dt></ValDt><AcctSvcrRef>285220109BSNX8KK</AcctSvcrRef><BkTxCd><Domn><Cd>PMNT</Cd><Fmly><Cd>RCDT</Cd><SubFmlyCd>ATXN</SubFmlyCd></Fmly></Domn></BkTxCd><NtryDtls><Btch><NbOfTxs>1</NbOfTxs></Btch><TxDtls><Refs><AcctSvcrRef>221012CH09BSNX8K</AcctSvcrRef><InstrId>21011675543.0001</InstrId><EndToEndId>NOTPROVIDED</EndToEndId><Prtry><Tp>00</Tp><Ref>221012CH09BSNX8K</Ref></Prtry></Refs><Amt Ccy="CHF">111.00</Amt><CdtDbtInd>CRDT</CdtDbtInd><BkTxCd><Domn><Cd>PMNT</Cd><Fmly><Cd>RCDT</Cd><SubFmlyCd>ATXN</SubFmlyCd></Fmly></Domn></BkTxCd><RltdPties><Dbtr><Nm>Rindlisbacher Reto</Nm><PstlAdr><StrtNm>Blumenweg</StrtNm><BldgNb>2</BldgNb><PstCd>6037</PstCd><TwnNm>Root</TwnNm><Ctry>CH</Ctry></PstlAdr></Dbtr><DbtrAcct><Id><IBAN>CH8400787000070746700</IBAN></Id></DbtrAcct><CdtrAcct><Id><IBAN>CH9209000000414939852</IBAN></Id></CdtrAcct></RltdPties><RltdAgts><DbtrAgt><FinInstnId><ClrSysMmbId><MmbId>787</MmbId></ClrSysMmbId><Nm>Zuger Kantonalbank</Nm><PstlAdr><AdrLine>6301 Zug</AdrLine></PstlAdr></FinInstnId></DbtrAgt></RltdAgts><RmtInf><Ustrd>RE-92153</Ustrd><Strd><AddtlRmtInf>?REJECT?0</AddtlRmtInf><AddtlRmtInf>?ERROR?000</AddtlRmtInf></Strd></RmtInf><RltdDts><AccptncDtTm>2022-10-12T20:00:00</AccptncDtTm></RltdDts></TxDtls></NtryDtls><AddtlNtryInf>GUTSCHRIFT AUFTRAGGEBER: RINDLISBACHER RETO BLUMENWEG 2 6037 ROOT MITTEILUNGEN: RE-92153 REFERENZEN: NOTPROVIDED 21011675543.0001 221012CH09BSNX8K</AddtlNtryInf></Ntry><Ntry><NtryRef>CH9209000000414939852</NtryRef><Amt Ccy="CHF">1155.38</Amt><CdtDbtInd>CRDT</CdtDbtInd><RvslInd>false</RvslInd><Sts>BOOK</Sts><BookgDt><Dt>2022-10-12</Dt></BookgDt><ValDt><Dt>2022-10-12</Dt></ValDt><AcctSvcrRef>285220109BTC9N4K</AcctSvcrRef><BkTxCd><Domn><Cd>PMNT</Cd><Fmly><Cd>RCDT</Cd><SubFmlyCd>ATXN</SubFmlyCd></Fmly></Domn></BkTxCd><NtryDtls><Btch><NbOfTxs>1</NbOfTxs></Btch><TxDtls><Refs><AcctSvcrRef>221012CH09BTC9N4</AcctSvcrRef><InstrId>LON03253945811</InstrId><EndToEndId>NOTPROVIDED</EndToEndId><Prtry><Tp>00</Tp><Ref>221012CH09BTC9N4</Ref></Prtry></Refs><Amt Ccy="CHF">1155.38</Amt><CdtDbtInd>CRDT</CdtDbtInd><BkTxCd><Domn><Cd>PMNT</Cd><Fmly><Cd>RCDT</Cd><SubFmlyCd>ATXN</SubFmlyCd></Fmly></Domn></BkTxCd><RltdPties><Dbtr><Nm>STRIPE PAYMENTS UK LTD</Nm><PstlAdr><AdrLine>9TH FLOOR, 107 CHEAPSIDE GB - LONDO</AdrLine><AdrLine>N EC2V 6DN</AdrLine></PstlAdr></Dbtr><DbtrAcct><Id><IBAN>DK6289000000010375</IBAN></Id></DbtrAcct><CdtrAcct><Id><IBAN>CH9209000000414939852</IBAN></Id></CdtrAcct></RltdPties><RltdAgts><DbtrAgt><FinInstnId><BICFI>CITIGB2LXXX</BICFI><Nm>CITIBANK N.A.</Nm><PstlAdr><AdrLine>CITIBANK CENTRE25 CANADA SQUARE</AdrLine><AdrLine>E14 5LB LONDON</AdrLine></PstlAdr></FinInstnId></DbtrAgt></RltdAgts><RmtInf><Ustrd>STRIPE J0D5N8</Ustrd><Strd><AddtlRmtInf>?REJECT?0</AddtlRmtInf><AddtlRmtInf>?ERROR?000</AddtlRmtInf></Strd></RmtInf><RltdDts><AccptncDtTm>2022-10-12T20:00:00</AccptncDtTm></RltdDts></TxDtls></NtryDtls><AddtlNtryInf>GUTSCHRIFT AUFTRAGGEBER: STRIPE PAYMENTS UK LTD 9TH FLOOR, 107 CHEAPSIDE GB - LONDO N EC2V 6DN MITTEILUNGEN: STRIPE J0D5N8 SPESENBETRAG 0.00 CHF SHA REFERENZEN: NOTPROVIDED LON03253945811 221012CH09BTC9N4</AddtlNtryInf></Ntry><Ntry><NtryRef>CH9209000000414939852</NtryRef><Amt Ccy="CHF">2961.07</Amt><CdtDbtInd>CRDT</CdtDbtInd><RvslInd>false</RvslInd><Sts>BOOK</Sts><BookgDt><Dt>2022-10-12</Dt></BookgDt><ValDt><Dt>2022-10-12</Dt></ValDt><AcctSvcrRef>285220009BLFM7UK</AcctSvcrRef><BkTxCd><Domn><Cd>PMNT</Cd><Fmly><Cd>RCDT</Cd><SubFmlyCd>AUTT</SubFmlyCd></Fmly></Domn></BkTxCd><NtryDtls><Btch><NbOfTxs>1</NbOfTxs></Btch><TxDtls><Refs><MsgId>TWINT20221010-101-Merchant</MsgId><AcctSvcrRef>221011CH09BLFM7U</AcctSvcrRef><PmtInfId>TWINT20221010-101-Merchant-B1</PmtInfId><InstrId>7e561a5e7e45443ca72a882c9663bdac</InstrId><EndToEndId>TWINT20221010-101-Merchant-B1</EndToEndId><Prtry><Tp>00</Tp><Ref>221011CH09BLFM7U</Ref></Prtry></Refs><Amt Ccy="CHF">2961.07</Amt><CdtDbtInd>CRDT</CdtDbtInd><BkTxCd><Domn><Cd>PMNT</Cd><Fmly><Cd>RCDT</Cd><SubFmlyCd>AUTT</SubFmlyCd></Fmly></Domn></BkTxCd><RltdPties><Dbtr><Nm>TWINT Acquiring AG</Nm><PstlAdr><StrtNm>Stauffacherstrasse</StrtNm><BldgNb>41</BldgNb><PstCd>8004</PstCd><TwnNm>Zürich</TwnNm><Ctry>CH</Ctry></PstlAdr></Dbtr><DbtrAcct><Id><IBAN>CH6609000000313087410</IBAN></Id></DbtrAcct><CdtrAcct><Id><IBAN>CH9209000000414939852</IBAN></Id></CdtrAcct></RltdPties><RltdAgts><DbtrAgt><FinInstnId><BICFI>POFICHBEXXX</BICFI><Nm>POSTFINANCE AG</Nm><PstlAdr><AdrLine>MINGERSTRASSE 20</AdrLine><AdrLine>3030 BERN</AdrLine></PstlAdr></FinInstnId></DbtrAgt></RltdAgts><RmtInf><Ustrd>999999 TWINT TWINT Auszahlungen Pay</Ustrd><Ustrd>out 20221011                       </Ustrd><Ustrd>   Gross: 3000.10 Fees: -39.03</Ustrd><Strd><AddtlRmtInf>?REJECT?0</AddtlRmtInf><AddtlRmtInf>?ERROR?000</AddtlRmtInf></Strd></RmtInf><RltdDts><AccptncDtTm>2022-10-12T20:00:00</AccptncDtTm></RltdDts></TxDtls></NtryDtls><AddtlNtryInf>GUTSCHRIFT CH6609000000313087410 ABSENDER: TWINT ACQUIRING AG STAUFFACHERSTRASSE 41 8004 ZÜRICH MITTEILUNGEN: 999999 TWINT TWINT AUSZAHLUNGEN PAY OUT 20221011                           GROSS: 3000.10 FEES: -39.03 REFERENZEN: TWINT20221010-101-MERCHANT-B1</AddtlNtryInf></Ntry><Ntry><NtryRef>CH9209000000414939852</NtryRef><Amt Ccy="CHF">530.54</Amt><CdtDbtInd>CRDT</CdtDbtInd><RvslInd>true</RvslInd><Sts>BOOK</Sts><BookgDt><Dt>2022-10-12</Dt></BookgDt><ValDt><Dt>2022-09-26</Dt></ValDt><AcctSvcrRef>285220209BT9ABIK</AcctSvcrRef><BkTxCd><Domn><Cd>PMNT</Cd><Fmly><Cd>ICDT</Cd><SubFmlyCd>RRTN</SubFmlyCd></Fmly></Domn></BkTxCd><NtryDtls><Btch><NbOfTxs>1</NbOfTxs></Btch><TxDtls><Refs><AcctSvcrRef>221012CH09BT9ABI</AcctSvcrRef></Refs><Amt Ccy="CHF">530.54</Amt><CdtDbtInd>CRDT</CdtDbtInd><AmtDtls><TxAmt><Amt Ccy="USD">532.99</Amt><CcyXchg><SrcCcy>USD</SrcCcy><TrgtCcy>CHF</TrgtCcy><XchgRate>0.9954</XchgRate></CcyXchg></TxAmt></AmtDtls><BkTxCd><Domn><Cd>PMNT</Cd><Fmly><Cd>ICDT</Cd><SubFmlyCd>RRTN</SubFmlyCd></Fmly></Domn></BkTxCd><RltdPties><Dbtr><Nm>Foshan Nuoyilaier Furniture Co., Lt d.</Nm><PstlAdr><AdrLine>rue du Laboratoire 9</AdrLine><AdrLine>1911 Luxembourg</AdrLine></PstlAdr></Dbtr><DbtrAcct><Id><IBAN>LU520670004237534085</IBAN></Id></DbtrAcct><CdtrAcct><Id><IBAN>CH9209000000414939852</IBAN></Id></CdtrAcct></RltdPties><RltdAgts><DbtrAgt><FinInstnId><BICFI>CHASLULXXXX</BICFI><Nm>J.P. MORGAN SE - LUXEMBOURG BRANCH</Nm><PstlAdr><AdrLine>6 ROUTE DE TREVES</AdrLine><AdrLine>L-2663 SENNINGERBERG</AdrLine></PstlAdr></FinInstnId></DbtrAgt></RltdAgts><RmtInf><Ustrd>150906334001022575</Ustrd></RmtInf><RltdDts><AccptncDtTm>2022-10-12T20:00:00</AccptncDtTm></RltdDts><RtrInf><Rsn><Cd>NARR</Cd></Rsn><AddtlInf>Empfaengerbank kann die Zahlung nicht verarbeiten</AddtlInf></RtrInf></TxDtls></NtryDtls><AddtlNtryInf>RETOURE IHRER ZAHLUNG VOM 07.09.2022 USD 532.99 ZUM KURS VON 0.9954 ABSENDER: FOSHAN NUOYILAIER FURNITURE CO., LT D. RUE DU LABORATOIRE 9 1911 LUXEMBOURG ABSENDER BANK: J.P. MORGAN SE - LUXEMBOURG BRANCH 6 ROUTE DE TREVES L-2663 SENNINGERBERG MITTEILUNGEN: 150906334001022575 REFERENZEN: 221012CH09BT9ABI GRUND: EMPFAENGERBANK KANN DIE ZAHLUNG NICHT VERARBEITEN</AddtlNtryInf></Ntry><Ntry><NtryRef>CH4330000001414939852</NtryRef><Amt Ccy="CHF">1113.51</Amt><CdtDbtInd>CRDT</CdtDbtInd><RvslInd>false</RvslInd><Sts>BOOK</Sts><BookgDt><Dt>2022-10-12</Dt></BookgDt><ValDt><Dt>2022-10-12</Dt></ValDt><AcctSvcrRef>285220009BX5G36U</AcctSvcrRef><BkTxCd><Domn><Cd>PMNT</Cd><Fmly><Cd>RCDT</Cd><SubFmlyCd>VCOM</SubFmlyCd></Fmly></Domn></BkTxCd><NtryDtls><TxDtls><Refs><AcctSvcrRef>285220009BX5G36U</AcctSvcrRef></Refs><Amt Ccy="CHF">1113.51</Amt><CdtDbtInd>CRDT</CdtDbtInd></TxDtls></NtryDtls><AddtlNtryInf>SAMMELGUTSCHRIFT FÜR KONTO: CH4330000001414939852 VERARBEITUNG VOM 12.10.2022 PAKET ID: 221012CH000007HE</AddtlNtryInf></Ntry><Ntry><Amt Ccy="CHF">59.90</Amt><CdtDbtInd>CRDT</CdtDbtInd><RvslInd>false</RvslInd><Sts>BOOK</Sts><BookgDt><Dt>2022-10-12</Dt></BookgDt><ValDt><Dt>2022-10-12</Dt></ValDt><AcctSvcrRef>2852400268237049</AcctSvcrRef><BkTxCd><Domn><Cd>PMNT</Cd><Fmly><Cd>MCRD</Cd><SubFmlyCd>POSP</SubFmlyCd></Fmly></Domn></BkTxCd><NtryDtls><TxDtls><Refs><AcctSvcrRef>2852400268237049</AcctSvcrRef></Refs><Amt Ccy="CHF">59.90</Amt><CdtDbtInd>CRDT</CdtDbtInd></TxDtls></NtryDtls><AddtlNtryInf>GUTSCHRIFT E-PAYMENT-TRANSAKTIONEN POSTFINANCE CARD EINLIEFERUNG VOM 11.10.2022 EVERSMART PRODUCTS HANDELS GMBH PFAQ08TW0000001 HTTPS://WWW.SANACLIP.CH</AddtlNtryInf></Ntry></Stmt></BkToCstmrStmt></Document>
