<?xml version="1.0" encoding="UTF-8"?>
<Document xmlns="urn:iso:std:iso:20022:tech:xsd:camt.053.001.04" xmlns:xsi="http://www.w3.org/2001/XMLSchema-instance" xsi:schemaLocation="urn:iso:std:iso:20022:tech:xsd:camt.053.001.04 camt.053.001.04.xsd"><BkToCstmrStmt><GrpHdr><MsgId>20221011375204949587190</MsgId><CreDtTm>2022-10-12T01:35:07</CreDtTm><MsgPgntn><PgNb>1</PgNb><LastPgInd>true</LastPgInd></MsgPgntn><AddtlInf>SPS/1.7/PROD</AddtlInf></GrpHdr><Stmt><Id>20221011375204949587210</Id><ElctrncSeqNb>199</ElctrncSeqNb><CreDtTm>2022-10-12T01:35:07</CreDtTm><FrToDt><FrDtTm>2022-10-11T00:00:00</FrDtTm><ToDtTm>2022-10-11T23:59:59</ToDtTm></FrToDt><Acct><Id><IBAN>CH9209000000414939852</IBAN></Id><Ownr><Nm>eversmart products Handels GmbH Pfäffikon SZ</Nm></Ownr></Acct><Bal><Tp><CdOrPrtry><Cd>OPBD</Cd></CdOrPrtry></Tp><Amt Ccy="CHF">72802.62</Amt><CdtDbtInd>CRDT</CdtDbtInd><Dt><Dt>2022-10-11</Dt></Dt></Bal><Bal><Tp><CdOrPrtry><Cd>CLBD</Cd></CdOrPrtry></Tp><Amt Ccy="CHF">92054.82</Amt><CdtDbtInd>CRDT</CdtDbtInd><Dt><Dt>2022-10-11</Dt></Dt></Bal><Bal><Tp><CdOrPrtry><Cd>CLAV</Cd></CdOrPrtry></Tp><Amt Ccy="CHF">92054.82</Amt><CdtDbtInd>CRDT</CdtDbtInd><Dt><Dt>2022-10-11</Dt></Dt></Bal><Bal><Tp><CdOrPrtry><Cd>FWAV</Cd></CdOrPrtry></Tp><Amt Ccy="CHF">92294.52</Amt><CdtDbtInd>CRDT</CdtDbtInd><Dt><Dt>2022-10-12</Dt></Dt></Bal><Ntry><NtryRef>CH9209000000414939852</NtryRef><Amt Ccy="CHF">59.90</Amt><CdtDbtInd>CRDT</CdtDbtInd><RvslInd>false</RvslInd><Sts>BOOK</Sts><BookgDt><Dt>2022-10-11</Dt></BookgDt><ValDt><Dt>2022-10-11</Dt></ValDt><AcctSvcrRef>284220109BG3GH7K</AcctSvcrRef><BkTxCd><Domn><Cd>PMNT</Cd><Fmly><Cd>RCDT</Cd><SubFmlyCd>AUTT</SubFmlyCd></Fmly></Domn></BkTxCd><NtryDtls><Btch><NbOfTxs>1</NbOfTxs></Btch><TxDtls><Refs><AcctSvcrRef>221010CH09BG3GH7</AcctSvcrRef><InstrId>20221010000800729691944</InstrId><Prtry><Tp>00</Tp><Ref>221010CH09BG3GH7</Ref></Prtry></Refs><Amt Ccy="CHF">59.90</Amt><CdtDbtInd>CRDT</CdtDbtInd><BkTxCd><Domn><Cd>PMNT</Cd><Fmly><Cd>RCDT</Cd><SubFmlyCd>AUTT</SubFmlyCd></Fmly></Domn></BkTxCd><RltdPties><Dbtr><Nm>Meyer T. und Meyer-Weber C.</Nm><PstlAdr><StrtNm>Bündtenweg</StrtNm><BldgNb>5</BldgNb><PstCd>4244</PstCd><TwnNm>Röschenz</TwnNm><Ctry>CH</Ctry></PstlAdr></Dbtr><DbtrAcct><Id><IBAN>CH3109000000403669647</IBAN></Id></DbtrAcct><CdtrAcct><Id><IBAN>CH9209000000414939852</IBAN></Id></CdtrAcct></RltdPties><RltdAgts><DbtrAgt><FinInstnId><BICFI>POFICHBEXXX</BICFI><Nm>POSTFINANCE AG</Nm><PstlAdr><AdrLine>MINGERSTRASSE 20</AdrLine><AdrLine>3030 BERN</AdrLine></PstlAdr></FinInstnId></DbtrAgt></RltdAgts><RmtInf><Ustrd>RE-94204</Ustrd><Strd><AddtlRmtInf>?REJECT?0</AddtlRmtInf><AddtlRmtInf>?ERROR?000</AddtlRmtInf></Strd></RmtInf><RltdDts><AccptncDtTm>2022-10-11T20:00:00</AccptncDtTm></RltdDts></TxDtls></NtryDtls><AddtlNtryInf>GUTSCHRIFT CH3109000000403669647 ABSENDER: MEYER T. UND MEYER-WEBER C. BÜNDTENWEG 5 4244 RÖSCHENZ MITTEILUNGEN: RE-94204</AddtlNtryInf></Ntry><Ntry><NtryRef>CH9209000000414939852</NtryRef><Amt Ccy="CHF">3186.70</Amt><CdtDbtInd>CRDT</CdtDbtInd><RvslInd>false</RvslInd><Sts>BOOK</Sts><BookgDt><Dt>2022-10-11</Dt></BookgDt><ValDt><Dt>2022-10-11</Dt></ValDt><AcctSvcrRef>284220009BBD2OAK</AcctSvcrRef><BkTxCd><Domn><Cd>PMNT</Cd><Fmly><Cd>RCDT</Cd><SubFmlyCd>AUTT</SubFmlyCd></Fmly></Domn></BkTxCd><NtryDtls><Btch><NbOfTxs>1</NbOfTxs></Btch><TxDtls><Refs><MsgId>TWINT20221007-101-Merchant</MsgId><AcctSvcrRef>221008CH09BBD2OA</AcctSvcrRef><PmtInfId>TWINT20221007-101-Merchant-B1</PmtInfId><InstrId>cb0d9c961ba04f4f8482e62280ac1f6f</InstrId><EndToEndId>TWINT20221007-101-Merchant-B1</EndToEndId><Prtry><Tp>00</Tp><Ref>221008CH09BBD2OA</Ref></Prtry></Refs><Amt Ccy="CHF">3186.70</Amt><CdtDbtInd>CRDT</CdtDbtInd><BkTxCd><Domn><Cd>PMNT</Cd><Fmly><Cd>RCDT</Cd><SubFmlyCd>AUTT</SubFmlyCd></Fmly></Domn></BkTxCd><RltdPties><Dbtr><Nm>TWINT Acquiring AG</Nm><PstlAdr><StrtNm>Stauffacherstrasse</StrtNm><BldgNb>41</BldgNb><PstCd>8004</PstCd><TwnNm>Zürich</TwnNm><Ctry>CH</Ctry></PstlAdr></Dbtr><DbtrAcct><Id><IBAN>CH6609000000313087410</IBAN></Id></DbtrAcct><CdtrAcct><Id><IBAN>CH9209000000414939852</IBAN></Id></CdtrAcct></RltdPties><RltdAgts><DbtrAgt><FinInstnId><BICFI>POFICHBEXXX</BICFI><Nm>POSTFINANCE AG</Nm><PstlAdr><AdrLine>MINGERSTRASSE 20</AdrLine><AdrLine>3030 BERN</AdrLine></PstlAdr></FinInstnId></DbtrAgt></RltdAgts><RmtInf><Ustrd>999999 TWINT TWINT Auszahlungen Pay</Ustrd><Ustrd>out 20221008                       </Ustrd><Ustrd>   Gross: 3228.70 Fees: -42.00</Ustrd><Strd><AddtlRmtInf>?REJECT?0</AddtlRmtInf><AddtlRmtInf>?ERROR?000</AddtlRmtInf></Strd></RmtInf><RltdDts><AccptncDtTm>2022-10-10T20:00:00</AccptncDtTm></RltdDts></TxDtls></NtryDtls><AddtlNtryInf>GUTSCHRIFT CH6609000000313087410 ABSENDER: TWINT ACQUIRING AG STAUFFACHERSTRASSE 41 8004 ZÜRICH MITTEILUNGEN: 999999 TWINT TWINT AUSZAHLUNGEN PAY OUT 20221008                           GROSS: 3228.70 FEES: -42.00 REFERENZEN: TWINT20221007-101-MERCHANT-B1</AddtlNtryInf></Ntry><Ntry><NtryRef>CH9209000000414939852</NtryRef><Amt Ccy="CHF">196.60</Amt><CdtDbtInd>CRDT</CdtDbtInd><RvslInd>false</RvslInd><Sts>BOOK</Sts><BookgDt><Dt>2022-10-11</Dt></BookgDt><ValDt><Dt>2022-10-11</Dt></ValDt><AcctSvcrRef>284220109BMUZDEK</AcctSvcrRef><BkTxCd><Domn><Cd>PMNT</Cd><Fmly><Cd>RCDT</Cd><SubFmlyCd>ATXN</SubFmlyCd></Fmly></Domn></BkTxCd><NtryDtls><Btch><NbOfTxs>1</NbOfTxs></Btch><TxDtls><Refs><AcctSvcrRef>221011CH09BMUZDE</AcctSvcrRef><InstrId>LON03253641408</InstrId><EndToEndId>NOTPROVIDED</EndToEndId><Prtry><Tp>00</Tp><Ref>221011CH09BMUZDE</Ref></Prtry></Refs><Amt Ccy="CHF">196.60</Amt><CdtDbtInd>CRDT</CdtDbtInd><BkTxCd><Domn><Cd>PMNT</Cd><Fmly><Cd>RCDT</Cd><SubFmlyCd>ATXN</SubFmlyCd></Fmly></Domn></BkTxCd><RltdPties><Dbtr><Nm>STRIPE PAYMENTS UK LTD</Nm><PstlAdr><AdrLine>9TH FLOOR, 107 CHEAPSIDE GB - LONDO</AdrLine><AdrLine>N EC2V 6DN</AdrLine></PstlAdr></Dbtr><DbtrAcct><Id><IBAN>DK6289000000010375</IBAN></Id></DbtrAcct><CdtrAcct><Id><IBAN>CH9209000000414939852</IBAN></Id></CdtrAcct></RltdPties><RltdAgts><DbtrAgt><FinInstnId><BICFI>CITIGB2LXXX</BICFI><Nm>CITIBANK N.A.</Nm><PstlAdr><AdrLine>CITIBANK CENTRE25 CANADA SQUARE</AdrLine><AdrLine>E14 5LB LONDON</AdrLine></PstlAdr></FinInstnId></DbtrAgt></RltdAgts><RmtInf><Ustrd>STRIPE D9L5M7</Ustrd><Strd><AddtlRmtInf>?REJECT?0</AddtlRmtInf><AddtlRmtInf>?ERROR?000</AddtlRmtInf></Strd></RmtInf><RltdDts><AccptncDtTm>2022-10-11T20:00:00</AccptncDtTm></RltdDts></TxDtls></NtryDtls><AddtlNtryInf>GUTSCHRIFT AUFTRAGGEBER: STRIPE PAYMENTS UK LTD 9TH FLOOR, 107 CHEAPSIDE GB - LONDO N EC2V 6DN MITTEILUNGEN: STRIPE D9L5M7 SPESENBETRAG 0.00 CHF SHA REFERENZEN: NOTPROVIDED LON03253641408 221011CH09BMUZDE</AddtlNtryInf></Ntry><Ntry><NtryRef>CH9209000000414939852</NtryRef><Amt Ccy="CHF">2040.90</Amt><CdtDbtInd>CRDT</CdtDbtInd><RvslInd>false</RvslInd><Sts>BOOK</Sts><BookgDt><Dt>2022-10-11</Dt></BookgDt><ValDt><Dt>2022-10-11</Dt></ValDt><AcctSvcrRef>284220009BCV60LK</AcctSvcrRef><BkTxCd><Domn><Cd>PMNT</Cd><Fmly><Cd>RCDT</Cd><SubFmlyCd>AUTT</SubFmlyCd></Fmly></Domn></BkTxCd><NtryDtls><Btch><NbOfTxs>1</NbOfTxs></Btch><TxDtls><Refs><MsgId>TWINT20221008-101-Merchant</MsgId><AcctSvcrRef>221009CH09BCV60L</AcctSvcrRef><PmtInfId>TWINT20221008-101-Merchant-B1</PmtInfId><InstrId>269854838f6e44938d5fa034657fd0f3</InstrId><EndToEndId>TWINT20221008-101-Merchant-B1</EndToEndId><Prtry><Tp>00</Tp><Ref>221009CH09BCV60L</Ref></Prtry></Refs><Amt Ccy="CHF">2040.90</Amt><CdtDbtInd>CRDT</CdtDbtInd><BkTxCd><Domn><Cd>PMNT</Cd><Fmly><Cd>RCDT</Cd><SubFmlyCd>AUTT</SubFmlyCd></Fmly></Domn></BkTxCd><RltdPties><Dbtr><Nm>TWINT Acquiring AG</Nm><PstlAdr><StrtNm>Stauffacherstrasse</StrtNm><BldgNb>41</BldgNb><PstCd>8004</PstCd><TwnNm>Zürich</TwnNm><Ctry>CH</Ctry></PstlAdr></Dbtr><DbtrAcct><Id><IBAN>CH6609000000313087410</IBAN></Id></DbtrAcct><CdtrAcct><Id><IBAN>CH9209000000414939852</IBAN></Id></CdtrAcct></RltdPties><RltdAgts><DbtrAgt><FinInstnId><BICFI>POFICHBEXXX</BICFI><Nm>POSTFINANCE AG</Nm><PstlAdr><AdrLine>MINGERSTRASSE 20</AdrLine><AdrLine>3030 BERN</AdrLine></PstlAdr></FinInstnId></DbtrAgt></RltdAgts><RmtInf><Ustrd>999999 TWINT TWINT Auszahlungen Pay</Ustrd><Ustrd>out 20221009                       </Ustrd><Ustrd>   Gross: 2067.80 Fees: -26.90</Ustrd><Strd><AddtlRmtInf>?REJECT?0</AddtlRmtInf><AddtlRmtInf>?ERROR?000</AddtlRmtInf></Strd></RmtInf><RltdDts><AccptncDtTm>2022-10-10T20:00:00</AccptncDtTm></RltdDts></TxDtls></NtryDtls><AddtlNtryInf>GUTSCHRIFT CH6609000000313087410 ABSENDER: TWINT ACQUIRING AG STAUFFACHERSTRASSE 41 8004 ZÜRICH MITTEILUNGEN: 999999 TWINT TWINT AUSZAHLUNGEN PAY OUT 20221009                           GROSS: 2067.80 FEES: -26.90 REFERENZEN: TWINT20221008-101-MERCHANT-B1</AddtlNtryInf></Ntry><Ntry><NtryRef>CH9209000000414939852</NtryRef><Amt Ccy="CHF">100.34</Amt><CdtDbtInd>CRDT</CdtDbtInd><RvslInd>false</RvslInd><Sts>BOOK</Sts><BookgDt><Dt>2022-10-11</Dt></BookgDt><ValDt><Dt>2022-10-11</Dt></ValDt><AcctSvcrRef>284220109BOAQI8K</AcctSvcrRef><BkTxCd><Domn><Cd>PMNT</Cd><Fmly><Cd>RCDT</Cd><SubFmlyCd>ATXN</SubFmlyCd></Fmly></Domn></BkTxCd><NtryDtls><Btch><NbOfTxs>1</NbOfTxs></Btch><TxDtls><Refs><AcctSvcrRef>221011CH09BOAQI8</AcctSvcrRef><InstrId>9901784E69902399</InstrId><EndToEndId>CONCA00000022497</EndToEndId><Prtry><Tp>00</Tp><Ref>221011CH09BOAQI8</Ref></Prtry></Refs><Amt Ccy="CHF">100.34</Amt><CdtDbtInd>CRDT</CdtDbtInd><BkTxCd><Domn><Cd>PMNT</Cd><Fmly><Cd>RCDT</Cd><SubFmlyCd>ATXN</SubFmlyCd></Fmly></Domn></BkTxCd><RltdPties><Dbtr><Nm>CONCARDIS GMBH</Nm><PstlAdr><AdrLine>HELFMANN PARK 7 DE 65760 ESCHBORN</AdrLine></PstlAdr></Dbtr><DbtrAcct><Id><IBAN>CH830023023065770601M</IBAN></Id></DbtrAcct><CdtrAcct><Id><IBAN>CH9209000000414939852</IBAN></Id></CdtrAcct></RltdPties><RltdAgts><DbtrAgt><FinInstnId><ClrSysMmbId><MmbId>230</MmbId></ClrSysMmbId><Nm>UBS Switzerland AG</Nm><PstlAdr><AdrLine>Bahnhofstrasse 45</AdrLine><AdrLine>8098 Zürich</AdrLine></PstlAdr></FinInstnId></DbtrAgt></RltdAgts><RmtInf><Ustrd>/ROC/CONCA00000022497 MC:DAT28.09.2</Ustrd><Ustrd>2:ZAHL-NR000023: BRUTTO101,80:KOM1,</Ustrd><Ustrd>46:VP156589362: FIL:TRX2 </Ustrd><Strd><AddtlRmtInf>?REJECT?0</AddtlRmtInf><AddtlRmtInf>?ERROR?000</AddtlRmtInf></Strd></RmtInf><RltdDts><AccptncDtTm>2022-10-11T20:00:00</AccptncDtTm></RltdDts></TxDtls></NtryDtls><AddtlNtryInf>GUTSCHRIFT AUFTRAGGEBER: CONCARDIS GMBH HELFMANN PARK 7 DE 65760 ESCHBORN MITTEILUNGEN: /ROC/CONCA00000022497 MC:DAT28.09.2 2:ZAHL-NR000023: BRUTTO101,80:KOM1, 46:VP156589362: FIL:TRX2  SPESENBETRAG 0.00 CHF SHA REFERENZEN: CONCA00000022497 9901784E69902399 221011CH09BOAQI8</AddtlNtryInf></Ntry><Ntry><NtryRef>CH9209000000414939852</NtryRef><Amt Ccy="CHF">80.30</Amt><CdtDbtInd>CRDT</CdtDbtInd><RvslInd>false</RvslInd><Sts>BOOK</Sts><BookgDt><Dt>2022-10-11</Dt></BookgDt><ValDt><Dt>2022-10-11</Dt></ValDt><AcctSvcrRef>284220109BOAPG3K</AcctSvcrRef><BkTxCd><Domn><Cd>PMNT</Cd><Fmly><Cd>RCDT</Cd><SubFmlyCd>ATXN</SubFmlyCd></Fmly></Domn></BkTxCd><NtryDtls><Btch><NbOfTxs>1</NbOfTxs></Btch><TxDtls><Refs><AcctSvcrRef>221011CH09BOAPG3</AcctSvcrRef><InstrId>9901784E69902397</InstrId><EndToEndId>CONCA00000022495</EndToEndId><Prtry><Tp>00</Tp><Ref>221011CH09BOAPG3</Ref></Prtry></Refs><Amt Ccy="CHF">80.30</Amt><CdtDbtInd>CRDT</CdtDbtInd><BkTxCd><Domn><Cd>PMNT</Cd><Fmly><Cd>RCDT</Cd><SubFmlyCd>ATXN</SubFmlyCd></Fmly></Domn></BkTxCd><RltdPties><Dbtr><Nm>CONCARDIS GMBH</Nm><PstlAdr><AdrLine>HELFMANN PARK 7 DE 65760 ESCHBORN</AdrLine></PstlAdr></Dbtr><DbtrAcct><Id><IBAN>CH830023023065770601M</IBAN></Id></DbtrAcct><CdtrAcct><Id><IBAN>CH9209000000414939852</IBAN></Id></CdtrAcct></RltdPties><RltdAgts><DbtrAgt><FinInstnId><ClrSysMmbId><MmbId>230</MmbId></ClrSysMmbId><Nm>UBS Switzerland AG</Nm><PstlAdr><AdrLine>Bahnhofstrasse 45</AdrLine><AdrLine>8098 Zürich</AdrLine></PstlAdr></FinInstnId></DbtrAgt></RltdAgts><RmtInf><Ustrd>/ROC/CONCA00000022495 VI:DAT28.09.2</Ustrd><Ustrd>2:ZAHL-NR000025: BRUTTO81,42:KOM1,1</Ustrd><Ustrd>2:VP146589314: FIL:TRX1 </Ustrd><Strd><AddtlRmtInf>?REJECT?0</AddtlRmtInf><AddtlRmtInf>?ERROR?000</AddtlRmtInf></Strd></RmtInf><RltdDts><AccptncDtTm>2022-10-11T20:00:00</AccptncDtTm></RltdDts></TxDtls></NtryDtls><AddtlNtryInf>GUTSCHRIFT AUFTRAGGEBER: CONCARDIS GMBH HELFMANN PARK 7 DE 65760 ESCHBORN MITTEILUNGEN: /ROC/CONCA00000022495 VI:DAT28.09.2 2:ZAHL-NR000025: BRUTTO81,42:KOM1,1 2:VP146589314: FIL:TRX1  SPESENBETRAG 0.00 CHF SHA REFERENZEN: CONCA00000022495 9901784E69902397 221011CH09BOAPG3</AddtlNtryInf></Ntry><Ntry><NtryRef>CH9209000000414939852</NtryRef><Amt Ccy="CHF">280.92</Amt><CdtDbtInd>CRDT</CdtDbtInd><RvslInd>false</RvslInd><Sts>BOOK</Sts><BookgDt><Dt>2022-10-11</Dt></BookgDt><ValDt><Dt>2022-10-11</Dt></ValDt><AcctSvcrRef>284220109BOAUNPK</AcctSvcrRef><BkTxCd><Domn><Cd>PMNT</Cd><Fmly><Cd>RCDT</Cd><SubFmlyCd>ATXN</SubFmlyCd></Fmly></Domn></BkTxCd><NtryDtls><Btch><NbOfTxs>1</NbOfTxs></Btch><TxDtls><Refs><AcctSvcrRef>221011CH09BOAUNP</AcctSvcrRef><InstrId>9901784E69902396</InstrId><EndToEndId>CONCA00000022494</EndToEndId><Prtry><Tp>00</Tp><Ref>221011CH09BOAUNP</Ref></Prtry></Refs><Amt Ccy="CHF">280.92</Amt><CdtDbtInd>CRDT</CdtDbtInd><BkTxCd><Domn><Cd>PMNT</Cd><Fmly><Cd>RCDT</Cd><SubFmlyCd>ATXN</SubFmlyCd></Fmly></Domn></BkTxCd><RltdPties><Dbtr><Nm>CONCARDIS GMBH</Nm><PstlAdr><AdrLine>HELFMANN PARK 7 DE 65760 ESCHBORN</AdrLine></PstlAdr></Dbtr><DbtrAcct><Id><IBAN>CH830023023065770601M</IBAN></Id></DbtrAcct><CdtrAcct><Id><IBAN>CH9209000000414939852</IBAN></Id></CdtrAcct></RltdPties><RltdAgts><DbtrAgt><FinInstnId><ClrSysMmbId><MmbId>230</MmbId></ClrSysMmbId><Nm>UBS Switzerland AG</Nm><PstlAdr><AdrLine>Bahnhofstrasse 45</AdrLine><AdrLine>8098 Zürich</AdrLine></PstlAdr></FinInstnId></DbtrAgt></RltdAgts><RmtInf><Ustrd>/ROC/CONCA00000022494 MC:DAT28.09.2</Ustrd><Ustrd>2:ZAHL-NR000024: BRUTTO285,02:KOM4,</Ustrd><Ustrd>10:VP156589312: FIL:TRX4 </Ustrd><Strd><AddtlRmtInf>?REJECT?0</AddtlRmtInf><AddtlRmtInf>?ERROR?000</AddtlRmtInf></Strd></RmtInf><RltdDts><AccptncDtTm>2022-10-11T20:00:00</AccptncDtTm></RltdDts></TxDtls></NtryDtls><AddtlNtryInf>GUTSCHRIFT AUFTRAGGEBER: CONCARDIS GMBH HELFMANN PARK 7 DE 65760 ESCHBORN MITTEILUNGEN: /ROC/CONCA00000022494 MC:DAT28.09.2 2:ZAHL-NR000024: BRUTTO285,02:KOM4, 10:VP156589312: FIL:TRX4  SPESENBETRAG 0.00 CHF SHA REFERENZEN: CONCA00000022494 9901784E69902396 221011CH09BOAUNP</AddtlNtryInf></Ntry><Ntry><NtryRef>CH9209000000414939852</NtryRef><Amt Ccy="CHF">200.60</Amt><CdtDbtInd>CRDT</CdtDbtInd><RvslInd>false</RvslInd><Sts>BOOK</Sts><BookgDt><Dt>2022-10-11</Dt></BookgDt><ValDt><Dt>2022-10-11</Dt></ValDt><AcctSvcrRef>284220109BOAOJPK</AcctSvcrRef><BkTxCd><Domn><Cd>PMNT</Cd><Fmly><Cd>RCDT</Cd><SubFmlyCd>ATXN</SubFmlyCd></Fmly></Domn></BkTxCd><NtryDtls><Btch><NbOfTxs>1</NbOfTxs></Btch><TxDtls><Refs><AcctSvcrRef>221011CH09BOAOJP</AcctSvcrRef><InstrId>9901784E69902333</InstrId><EndToEndId>CONCA00000022431</EndToEndId><Prtry><Tp>00</Tp><Ref>221011CH09BOAOJP</Ref></Prtry></Refs><Amt Ccy="CHF">200.60</Amt><CdtDbtInd>CRDT</CdtDbtInd><BkTxCd><Domn><Cd>PMNT</Cd><Fmly><Cd>RCDT</Cd><SubFmlyCd>ATXN</SubFmlyCd></Fmly></Domn></BkTxCd><RltdPties><Dbtr><Nm>CONCARDIS GMBH</Nm><PstlAdr><AdrLine>HELFMANN PARK 7 DE 65760 ESCHBORN</AdrLine></PstlAdr></Dbtr><DbtrAcct><Id><IBAN>CH830023023065770601M</IBAN></Id></DbtrAcct><CdtrAcct><Id><IBAN>CH9209000000414939852</IBAN></Id></CdtrAcct></RltdPties><RltdAgts><DbtrAgt><FinInstnId><ClrSysMmbId><MmbId>230</MmbId></ClrSysMmbId><Nm>UBS Switzerland AG</Nm><PstlAdr><AdrLine>Bahnhofstrasse 45</AdrLine><AdrLine>8098 Zürich</AdrLine></PstlAdr></FinInstnId></DbtrAgt></RltdAgts><RmtInf><Ustrd>/ROC/CONCA00000022431 MC:DAT28.09.2</Ustrd><Ustrd>2:ZAHL-NR000028: BRUTTO203,59:KOM2,</Ustrd><Ustrd>99:VP156581201: FIL:TRX2 </Ustrd><Strd><AddtlRmtInf>?REJECT?0</AddtlRmtInf><AddtlRmtInf>?ERROR?000</AddtlRmtInf></Strd></RmtInf><RltdDts><AccptncDtTm>2022-10-11T20:00:00</AccptncDtTm></RltdDts></TxDtls></NtryDtls><AddtlNtryInf>GUTSCHRIFT AUFTRAGGEBER: CONCARDIS GMBH HELFMANN PARK 7 DE 65760 ESCHBORN MITTEILUNGEN: /ROC/CONCA00000022431 MC:DAT28.09.2 2:ZAHL-NR000028: BRUTTO203,59:KOM2, 99:VP156581201: FIL:TRX2  SPESENBETRAG 0.00 CHF SHA REFERENZEN: CONCA00000022431 9901784E69902333 221011CH09BOAOJP</AddtlNtryInf></Ntry><Ntry><NtryRef>CH9209000000414939852</NtryRef><Amt Ccy="CHF">229.61</Amt><CdtDbtInd>CRDT</CdtDbtInd><RvslInd>false</RvslInd><Sts>BOOK</Sts><BookgDt><Dt>2022-10-11</Dt></BookgDt><ValDt><Dt>2022-10-11</Dt></ValDt><AcctSvcrRef>284220109BOARYDK</AcctSvcrRef><BkTxCd><Domn><Cd>PMNT</Cd><Fmly><Cd>RCDT</Cd><SubFmlyCd>ATXN</SubFmlyCd></Fmly></Domn></BkTxCd><NtryDtls><Btch><NbOfTxs>1</NbOfTxs></Btch><TxDtls><Refs><AcctSvcrRef>221011CH09BOARYD</AcctSvcrRef><InstrId>9901784E69902398</InstrId><EndToEndId>CONCA00000022496</EndToEndId><Prtry><Tp>00</Tp><Ref>221011CH09BOARYD</Ref></Prtry></Refs><Amt Ccy="CHF">229.61</Amt><CdtDbtInd>CRDT</CdtDbtInd><BkTxCd><Domn><Cd>PMNT</Cd><Fmly><Cd>RCDT</Cd><SubFmlyCd>ATXN</SubFmlyCd></Fmly></Domn></BkTxCd><RltdPties><Dbtr><Nm>CONCARDIS GMBH</Nm><PstlAdr><AdrLine>HELFMANN PARK 7 DE 65760 ESCHBORN</AdrLine></PstlAdr></Dbtr><DbtrAcct><Id><IBAN>CH830023023065770601M</IBAN></Id></DbtrAcct><CdtrAcct><Id><IBAN>CH9209000000414939852</IBAN></Id></CdtrAcct></RltdPties><RltdAgts><DbtrAgt><FinInstnId><ClrSysMmbId><MmbId>230</MmbId></ClrSysMmbId><Nm>UBS Switzerland AG</Nm><PstlAdr><AdrLine>Bahnhofstrasse 45</AdrLine><AdrLine>8098 Zürich</AdrLine></PstlAdr></FinInstnId></DbtrAgt></RltdAgts><RmtInf><Ustrd>/ROC/CONCA00000022496 MC:DAT28.09.2</Ustrd><Ustrd>2:ZAHL-NR000020: BRUTTO233,06:KOM3,</Ustrd><Ustrd>45:VP156589338: FIL:TRX6 </Ustrd><Strd><AddtlRmtInf>?REJECT?0</AddtlRmtInf><AddtlRmtInf>?ERROR?000</AddtlRmtInf></Strd></RmtInf><RltdDts><AccptncDtTm>2022-10-11T20:00:00</AccptncDtTm></RltdDts></TxDtls></NtryDtls><AddtlNtryInf>GUTSCHRIFT AUFTRAGGEBER: CONCARDIS GMBH HELFMANN PARK 7 DE 65760 ESCHBORN MITTEILUNGEN: /ROC/CONCA00000022496 MC:DAT28.09.2 2:ZAHL-NR000020: BRUTTO233,06:KOM3, 45:VP156589338: FIL:TRX6  SPESENBETRAG 0.00 CHF SHA REFERENZEN: CONCA00000022496 9901784E69902398 221011CH09BOARYD</AddtlNtryInf></Ntry><Ntry><NtryRef>CH9209000000414939852</NtryRef><Amt Ccy="CHF">60.19</Amt><CdtDbtInd>CRDT</CdtDbtInd><RvslInd>false</RvslInd><Sts>BOOK</Sts><BookgDt><Dt>2022-10-11</Dt></BookgDt><ValDt><Dt>2022-10-11</Dt></ValDt><AcctSvcrRef>284220109BOAUXRK</AcctSvcrRef><BkTxCd><Domn><Cd>PMNT</Cd><Fmly><Cd>RCDT</Cd><SubFmlyCd>ATXN</SubFmlyCd></Fmly></Domn></BkTxCd><NtryDtls><Btch><NbOfTxs>1</NbOfTxs></Btch><TxDtls><Refs><AcctSvcrRef>221011CH09BOAUXR</AcctSvcrRef><InstrId>9901784E69902400</InstrId><EndToEndId>CONCA00000022498</EndToEndId><Prtry><Tp>00</Tp><Ref>221011CH09BOAUXR</Ref></Prtry></Refs><Amt Ccy="CHF">60.19</Amt><CdtDbtInd>CRDT</CdtDbtInd><BkTxCd><Domn><Cd>PMNT</Cd><Fmly><Cd>RCDT</Cd><SubFmlyCd>ATXN</SubFmlyCd></Fmly></Domn></BkTxCd><RltdPties><Dbtr><Nm>CONCARDIS GMBH</Nm><PstlAdr><AdrLine>HELFMANN PARK 7 DE 65760 ESCHBORN</AdrLine></PstlAdr></Dbtr><DbtrAcct><Id><IBAN>CH830023023065770601M</IBAN></Id></DbtrAcct><CdtrAcct><Id><IBAN>CH9209000000414939852</IBAN></Id></CdtrAcct></RltdPties><RltdAgts><DbtrAgt><FinInstnId><ClrSysMmbId><MmbId>230</MmbId></ClrSysMmbId><Nm>UBS Switzerland AG</Nm><PstlAdr><AdrLine>Bahnhofstrasse 45</AdrLine><AdrLine>8098 Zürich</AdrLine></PstlAdr></FinInstnId></DbtrAgt></RltdAgts><RmtInf><Ustrd>/ROC/CONCA00000022498 VI:DAT28.09.2</Ustrd><Ustrd>2:ZAHL-NR000024: BRUTTO61,04:KOM0,8</Ustrd><Ustrd>5:VP146589364: FIL:TRX1 </Ustrd><Strd><AddtlRmtInf>?REJECT?0</AddtlRmtInf><AddtlRmtInf>?ERROR?000</AddtlRmtInf></Strd></RmtInf><RltdDts><AccptncDtTm>2022-10-11T20:00:00</AccptncDtTm></RltdDts></TxDtls></NtryDtls><AddtlNtryInf>GUTSCHRIFT AUFTRAGGEBER: CONCARDIS GMBH HELFMANN PARK 7 DE 65760 ESCHBORN MITTEILUNGEN: /ROC/CONCA00000022498 VI:DAT28.09.2 2:ZAHL-NR000024: BRUTTO61,04:KOM0,8 5:VP146589364: FIL:TRX1  SPESENBETRAG 0.00 CHF SHA REFERENZEN: CONCA00000022498 9901784E69902400 221011CH09BOAUXR</AddtlNtryInf></Ntry><Ntry><NtryRef>CH9209000000414939852</NtryRef><Amt Ccy="CHF">120.32</Amt><CdtDbtInd>CRDT</CdtDbtInd><RvslInd>false</RvslInd><Sts>BOOK</Sts><BookgDt><Dt>2022-10-11</Dt></BookgDt><ValDt><Dt>2022-10-11</Dt></ValDt><AcctSvcrRef>284220109BOAP9BK</AcctSvcrRef><BkTxCd><Domn><Cd>PMNT</Cd><Fmly><Cd>RCDT</Cd><SubFmlyCd>ATXN</SubFmlyCd></Fmly></Domn></BkTxCd><NtryDtls><Btch><NbOfTxs>1</NbOfTxs></Btch><TxDtls><Refs><AcctSvcrRef>221011CH09BOAP9B</AcctSvcrRef><InstrId>9901784E69902401</InstrId><EndToEndId>CONCA00000022499</EndToEndId><Prtry><Tp>00</Tp><Ref>221011CH09BOAP9B</Ref></Prtry></Refs><Amt Ccy="CHF">120.32</Amt><CdtDbtInd>CRDT</CdtDbtInd><BkTxCd><Domn><Cd>PMNT</Cd><Fmly><Cd>RCDT</Cd><SubFmlyCd>ATXN</SubFmlyCd></Fmly></Domn></BkTxCd><RltdPties><Dbtr><Nm>CONCARDIS GMBH</Nm><PstlAdr><AdrLine>HELFMANN PARK 7 DE 65760 ESCHBORN</AdrLine></PstlAdr></Dbtr><DbtrAcct><Id><IBAN>CH830023023065770601M</IBAN></Id></DbtrAcct><CdtrAcct><Id><IBAN>CH9209000000414939852</IBAN></Id></CdtrAcct></RltdPties><RltdAgts><DbtrAgt><FinInstnId><ClrSysMmbId><MmbId>230</MmbId></ClrSysMmbId><Nm>UBS Switzerland AG</Nm><PstlAdr><AdrLine>Bahnhofstrasse 45</AdrLine><AdrLine>8098 Zürich</AdrLine></PstlAdr></FinInstnId></DbtrAgt></RltdAgts><RmtInf><Ustrd>/ROC/CONCA00000022499 MC:DAT28.09.2</Ustrd><Ustrd>2:ZAHL-NR000007: BRUTTO122,07:KOM1,</Ustrd><Ustrd>75:VP156589453: FIL:TRX2 </Ustrd><Strd><AddtlRmtInf>?REJECT?0</AddtlRmtInf><AddtlRmtInf>?ERROR?000</AddtlRmtInf></Strd></RmtInf><RltdDts><AccptncDtTm>2022-10-11T20:00:00</AccptncDtTm></RltdDts></TxDtls></NtryDtls><AddtlNtryInf>GUTSCHRIFT AUFTRAGGEBER: CONCARDIS GMBH HELFMANN PARK 7 DE 65760 ESCHBORN MITTEILUNGEN: /ROC/CONCA00000022499 MC:DAT28.09.2 2:ZAHL-NR000007: BRUTTO122,07:KOM1, 75:VP156589453: FIL:TRX2  SPESENBETRAG 0.00 CHF SHA REFERENZEN: CONCA00000022499 9901784E69902401 221011CH09BOAP9B</AddtlNtryInf></Ntry><Ntry><NtryRef>CH9209000000414939852</NtryRef><Amt Ccy="CHF">2038.82</Amt><CdtDbtInd>CRDT</CdtDbtInd><RvslInd>false</RvslInd><Sts>BOOK</Sts><BookgDt><Dt>2022-10-11</Dt></BookgDt><ValDt><Dt>2022-10-11</Dt></ValDt><AcctSvcrRef>284220009BF5RY3K</AcctSvcrRef><BkTxCd><Domn><Cd>PMNT</Cd><Fmly><Cd>RCDT</Cd><SubFmlyCd>AUTT</SubFmlyCd></Fmly></Domn></BkTxCd><NtryDtls><Btch><NbOfTxs>1</NbOfTxs></Btch><TxDtls><Refs><MsgId>TWINT20221009-101-Merchant</MsgId><AcctSvcrRef>221010CH09BF5RY3</AcctSvcrRef><PmtInfId>TWINT20221009-101-Merchant-B1</PmtInfId><InstrId>ffca68000fbb4c31b2324175d05eb41f</InstrId><EndToEndId>TWINT20221009-101-Merchant-B1</EndToEndId><Prtry><Tp>00</Tp><Ref>221010CH09BF5RY3</Ref></Prtry></Refs><Amt Ccy="CHF">2038.82</Amt><CdtDbtInd>CRDT</CdtDbtInd><BkTxCd><Domn><Cd>PMNT</Cd><Fmly><Cd>RCDT</Cd><SubFmlyCd>AUTT</SubFmlyCd></Fmly></Domn></BkTxCd><RltdPties><Dbtr><Nm>TWINT Acquiring AG</Nm><PstlAdr><StrtNm>Stauffacherstrasse</StrtNm><BldgNb>41</BldgNb><PstCd>8004</PstCd><TwnNm>Zürich</TwnNm><Ctry>CH</Ctry></PstlAdr></Dbtr><DbtrAcct><Id><IBAN>CH6609000000313087410</IBAN></Id></DbtrAcct><CdtrAcct><Id><IBAN>CH9209000000414939852</IBAN></Id></CdtrAcct></RltdPties><RltdAgts><DbtrAgt><FinInstnId><BICFI>POFICHBEXXX</BICFI><Nm>POSTFINANCE AG</Nm><PstlAdr><AdrLine>MINGERSTRASSE 20</AdrLine><AdrLine>3030 BERN</AdrLine></PstlAdr></FinInstnId></DbtrAgt></RltdAgts><RmtInf><Ustrd>999999 TWINT TWINT Auszahlungen Pay</Ustrd><Ustrd>out 20221010                       </Ustrd><Ustrd>   Gross: 2065.70 Fees: -26.88</Ustrd><Strd><AddtlRmtInf>?REJECT?0</AddtlRmtInf><AddtlRmtInf>?ERROR?000</AddtlRmtInf></Strd></RmtInf><RltdDts><AccptncDtTm>2022-10-11T20:00:00</AccptncDtTm></RltdDts></TxDtls></NtryDtls><AddtlNtryInf>GUTSCHRIFT CH6609000000313087410 ABSENDER: TWINT ACQUIRING AG STAUFFACHERSTRASSE 41 8004 ZÜRICH MITTEILUNGEN: 999999 TWINT TWINT AUSZAHLUNGEN PAY OUT 20221010                           GROSS: 2065.70 FEES: -26.88 REFERENZEN: TWINT20221009-101-MERCHANT-B1</AddtlNtryInf></Ntry><Ntry><NtryRef>CH9209000000414939852</NtryRef><Amt Ccy="CHF">1929.00</Amt><CdtDbtInd>CRDT</CdtDbtInd><RvslInd>false</RvslInd><Sts>BOOK</Sts><BookgDt><Dt>2022-10-11</Dt></BookgDt><ValDt><Dt>2022-10-11</Dt></ValDt><AcctSvcrRef>284220109BQ27K9K</AcctSvcrRef><BkTxCd><Domn><Cd>PMNT</Cd><Fmly><Cd>RCDT</Cd><SubFmlyCd>ATXN</SubFmlyCd></Fmly></Domn></BkTxCd><NtryDtls><Btch><NbOfTxs>1</NbOfTxs></Btch><TxDtls><Refs><AcctSvcrRef>221011CH09BQ27K9</AcctSvcrRef><InstrId>21011845345.0001</InstrId><EndToEndId>NOTPROVIDED</EndToEndId><Prtry><Tp>00</Tp><Ref>221011CH09BQ27K9</Ref></Prtry></Refs><Amt Ccy="CHF">1929.00</Amt><CdtDbtInd>CRDT</CdtDbtInd><BkTxCd><Domn><Cd>PMNT</Cd><Fmly><Cd>RCDT</Cd><SubFmlyCd>ATXN</SubFmlyCd></Fmly></Domn></BkTxCd><RltdPties><Dbtr><Nm>Zahno Michele . Buchs Silvio</Nm><PstlAdr><StrtNm>Weidenmatte</StrtNm><BldgNb>8</BldgNb><PstCd>3185</PstCd><TwnNm>Schmitten FR</TwnNm><Ctry>CH</Ctry></PstlAdr></Dbtr><DbtrAcct><Id><IBAN>CH1400768300155643101</IBAN></Id></DbtrAcct><CdtrAcct><Id><IBAN>CH9209000000414939852</IBAN></Id></CdtrAcct></RltdPties><RltdAgts><DbtrAgt><FinInstnId><ClrSysMmbId><MmbId>768</MmbId></ClrSysMmbId><Nm>Banque Cantonale de Fribourg</Nm><PstlAdr><AdrLine>Bd de Pérolles 1</AdrLine><AdrLine>1701 Fribourg</AdrLine></PstlAdr></FinInstnId></DbtrAgt></RltdAgts><RmtInf><Strd><AddtlRmtInf>?REJECT?0</AddtlRmtInf><AddtlRmtInf>?ERROR?000</AddtlRmtInf></Strd></RmtInf><RltdDts><AccptncDtTm>2022-10-11T20:00:00</AccptncDtTm></RltdDts></TxDtls></NtryDtls><AddtlNtryInf>GUTSCHRIFT AUFTRAGGEBER: ZAHNO MICHELE . BUCHS SILVIO WEIDENMATTE 8 3185 SCHMITTEN FR REFERENZEN: NOTPROVIDED 21011845345.0001 221011CH09BQ27K9</AddtlNtryInf></Ntry><Ntry><NtryRef>CH9530000002414939852</NtryRef><Amt Ccy="CHF">59.90</Amt><CdtDbtInd>CRDT</CdtDbtInd><RvslInd>false</RvslInd><Sts>BOOK</Sts><BookgDt><Dt>2022-10-11</Dt></BookgDt><ValDt><Dt>2022-10-11</Dt></ValDt><AcctSvcrRef>284220009BQRQCHU</AcctSvcrRef><BkTxCd><Domn><Cd>PMNT</Cd><Fmly><Cd>RCDT</Cd><SubFmlyCd>VCOM</SubFmlyCd></Fmly></Domn></BkTxCd><Chrgs><TtlChrgsAndTaxAmt Ccy="CHF">1.60</TtlChrgsAndTaxAmt><Rcrd><Amt Ccy="CHF">1.60</Amt><CdtDbtInd>DBIT</CdtDbtInd><ChrgInclInd>false</ChrgInclInd><Tp><Prtry><Id>2</Id></Prtry></Tp></Rcrd></Chrgs><NtryDtls><TxDtls><Refs><AcctSvcrRef>284220009BQRQCHU</AcctSvcrRef></Refs><Amt Ccy="CHF">59.90</Amt><CdtDbtInd>CRDT</CdtDbtInd></TxDtls></NtryDtls><AddtlNtryInf>SAMMELGUTSCHRIFT FÜR KONTO: CH9530000002414939852 VERARBEITUNG VOM 11.10.2022 PAKET ID: 221011CH00000BXG</AddtlNtryInf></Ntry><Ntry><NtryRef>CH4330000001414939852</NtryRef><Amt Ccy="CHF">8488.30</Amt><CdtDbtInd>CRDT</CdtDbtInd><RvslInd>false</RvslInd><Sts>BOOK</Sts><BookgDt><Dt>2022-10-11</Dt></BookgDt><ValDt><Dt>2022-10-11</Dt></ValDt><AcctSvcrRef>284220009BQRTV3U</AcctSvcrRef><BkTxCd><Domn><Cd>PMNT</Cd><Fmly><Cd>RCDT</Cd><SubFmlyCd>VCOM</SubFmlyCd></Fmly></Domn></BkTxCd><Chrgs><TtlChrgsAndTaxAmt Ccy="CHF">1.20</TtlChrgsAndTaxAmt><Rcrd><Amt Ccy="CHF">1.20</Amt><CdtDbtInd>DBIT</CdtDbtInd><ChrgInclInd>false</ChrgInclInd><Tp><Prtry><Id>2</Id></Prtry></Tp></Rcrd></Chrgs><NtryDtls><TxDtls><Refs><AcctSvcrRef>284220009BQRTV3U</AcctSvcrRef></Refs><Amt Ccy="CHF">8488.30</Amt><CdtDbtInd>CRDT</CdtDbtInd></TxDtls></NtryDtls><AddtlNtryInf>SAMMELGUTSCHRIFT FÜR KONTO: CH4330000001414939852 VERARBEITUNG VOM 11.10.2022 PAKET ID: 221011CH000006UJ</AddtlNtryInf></Ntry><Ntry><Amt Ccy="CHF">119.90</Amt><CdtDbtInd>CRDT</CdtDbtInd><RvslInd>false</RvslInd><Sts>BOOK</Sts><BookgDt><Dt>2022-10-11</Dt></BookgDt><ValDt><Dt>2022-10-11</Dt></ValDt><AcctSvcrRef>2842400266562684</AcctSvcrRef><BkTxCd><Domn><Cd>PMNT</Cd><Fmly><Cd>MCRD</Cd><SubFmlyCd>POSP</SubFmlyCd></Fmly></Domn></BkTxCd><NtryDtls><TxDtls><Refs><AcctSvcrRef>2842400266562684</AcctSvcrRef></Refs><Amt Ccy="CHF">119.90</Amt><CdtDbtInd>CRDT</CdtDbtInd></TxDtls></NtryDtls><AddtlNtryInf>GUTSCHRIFT E-PAYMENT-TRANSAKTIONEN POSTFINANCE CARD EINLIEFERUNG VOM 10.10.2022 EVERSMART PRODUCTS HANDELS GMBH PFAQ08TX0000001 HTTPS://KNIRSCHFREI.CH</AddtlNtryInf></Ntry><Ntry><Amt Ccy="CHF">59.90</Amt><CdtDbtInd>CRDT</CdtDbtInd><RvslInd>false</RvslInd><Sts>BOOK</Sts><BookgDt><Dt>2022-10-11</Dt></BookgDt><ValDt><Dt>2022-10-11</Dt></ValDt><AcctSvcrRef>2842400266562711</AcctSvcrRef><BkTxCd><Domn><Cd>PMNT</Cd><Fmly><Cd>MCRD</Cd><SubFmlyCd>POSP</SubFmlyCd></Fmly></Domn></BkTxCd><NtryDtls><TxDtls><Refs><AcctSvcrRef>2842400266562711</AcctSvcrRef></Refs><Amt Ccy="CHF">59.90</Amt><CdtDbtInd>CRDT</CdtDbtInd></TxDtls></NtryDtls><AddtlNtryInf>GUTSCHRIFT E-PAYMENT-TRANSAKTIONEN POSTFINANCE CARD EINLIEFERUNG VOM 10.10.2022 EVERSMART PRODUCTS HANDELS GMBH PFAQ08TW0000001 HTTPS://WWW.SANACLIP.CH</AddtlNtryInf></Ntry></Stmt></BkToCstmrStmt></Document>
