<?xml version="1.0" encoding="UTF-8"?>
<Document xmlns="urn:iso:std:iso:20022:tech:xsd:camt.053.001.04" xmlns:xsi="http://www.w3.org/2001/XMLSchema-instance" xsi:schemaLocation="urn:iso:std:iso:20022:tech:xsd:camt.053.001.04 camt.053.001.04.xsd"><BkToCstmrStmt><GrpHdr><MsgId>20220930375204939823675</MsgId><CreDtTm>2022-10-01T03:33:17</CreDtTm><MsgPgntn><PgNb>1</PgNb><LastPgInd>true</LastPgInd></MsgPgntn><AddtlInf>SPS/1.7/PROD</AddtlInf></GrpHdr><Stmt><Id>20221001375204939823711</Id><ElctrncSeqNb>192</ElctrncSeqNb><CreDtTm>2022-10-01T03:33:17</CreDtTm><FrToDt><FrDtTm>2022-09-30T00:00:00</FrDtTm><ToDtTm>2022-09-30T23:59:59</ToDtTm></FrToDt><Acct><Id><IBAN>CH1209000000917587047</IBAN></Id><Ownr><Nm>eversmart products Handels GmbH Pfäffikon SZ</Nm></Ownr></Acct><Bal><Tp><CdOrPrtry><Cd>OPBD</Cd></CdOrPrtry></Tp><Amt Ccy="EUR">5363.55</Amt><CdtDbtInd>CRDT</CdtDbtInd><Dt><Dt>2022-09-30</Dt></Dt></Bal><Bal><Tp><CdOrPrtry><Cd>CLBD</Cd></CdOrPrtry></Tp><Amt Ccy="EUR">5358.34</Amt><CdtDbtInd>CRDT</CdtDbtInd><Dt><Dt>2022-09-30</Dt></Dt></Bal><Bal><Tp><CdOrPrtry><Cd>CLAV</Cd></CdOrPrtry></Tp><Amt Ccy="EUR">5358.34</Amt><CdtDbtInd>CRDT</CdtDbtInd><Dt><Dt>2022-09-30</Dt></Dt></Bal><Ntry><Amt Ccy="EUR">5.21</Amt><CdtDbtInd>DBIT</CdtDbtInd><RvslInd>false</RvslInd><Sts>BOOK</Sts><BookgDt><Dt>2022-09-30</Dt></BookgDt><ValDt><Dt>2022-09-30</Dt></ValDt><AcctSvcrRef>2732100179152869</AcctSvcrRef><BkTxCd><Domn><Cd>ACMT</Cd><Fmly><Cd>ADOP</Cd><SubFmlyCd>CHRG</SubFmlyCd></Fmly></Domn></BkTxCd><NtryDtls><TxDtls><Refs><AcctSvcrRef>2732100179152869</AcctSvcrRef></Refs><Amt Ccy="EUR">5.21</Amt><CdtDbtInd>DBIT</CdtDbtInd></TxDtls></NtryDtls><AddtlNtryInf>PREIS FÜR DIE KONTOFÜHRUNG</AddtlNtryInf></Ntry></Stmt></BkToCstmrStmt></Document>
