<?xml version="1.0" encoding="UTF-8"?>
<Document xmlns="urn:iso:std:iso:20022:tech:xsd:camt.053.001.04" xmlns:xsi="http://www.w3.org/2001/XMLSchema-instance" xsi:schemaLocation="urn:iso:std:iso:20022:tech:xsd:camt.053.001.04 camt.053.001.04.xsd"><BkToCstmrStmt><GrpHdr><MsgId>20220815375204904549202</MsgId><CreDtTm>2022-08-16T01:58:41</CreDtTm><MsgPgntn><PgNb>1</PgNb><LastPgInd>true</LastPgInd></MsgPgntn><AddtlInf>SPS/1.7/PROD</AddtlInf></GrpHdr><Stmt><Id>20220815375204904549222</Id><ElctrncSeqNb>158</ElctrncSeqNb><CreDtTm>2022-08-16T01:58:41</CreDtTm><FrToDt><FrDtTm>2022-08-13T00:00:00</FrDtTm><ToDtTm>2022-08-15T23:59:59</ToDtTm></FrToDt><Acct><Id><IBAN>CH9209000000414939852</IBAN></Id><Ownr><Nm>eversmart products Handels GmbH Pfäffikon SZ</Nm></Ownr></Acct><Bal><Tp><CdOrPrtry><Cd>OPBD</Cd></CdOrPrtry></Tp><Amt Ccy="CHF">83080.00</Amt><CdtDbtInd>CRDT</CdtDbtInd><Dt><Dt>2022-08-13</Dt></Dt></Bal><Bal><Tp><CdOrPrtry><Cd>CLBD</Cd></CdOrPrtry></Tp><Amt Ccy="CHF">96098.05</Amt><CdtDbtInd>CRDT</CdtDbtInd><Dt><Dt>2022-08-15</Dt></Dt></Bal><Bal><Tp><CdOrPrtry><Cd>CLAV</Cd></CdOrPrtry></Tp><Amt Ccy="CHF">96098.05</Amt><CdtDbtInd>CRDT</CdtDbtInd><Dt><Dt>2022-08-15</Dt></Dt></Bal><Ntry><Amt Ccy="CHF">59.90</Amt><CdtDbtInd>CRDT</CdtDbtInd><RvslInd>false</RvslInd><Sts>BOOK</Sts><BookgDt><Dt>2022-08-13</Dt></BookgDt><ValDt><Dt>2022-08-15</Dt></ValDt><AcctSvcrRef>2252400171596261</AcctSvcrRef><BkTxCd><Domn><Cd>PMNT</Cd><Fmly><Cd>MCRD</Cd><SubFmlyCd>POSP</SubFmlyCd></Fmly></Domn></BkTxCd><NtryDtls><TxDtls><Refs><AcctSvcrRef>2252400171596261</AcctSvcrRef></Refs><Amt Ccy="CHF">59.90</Amt><CdtDbtInd>CRDT</CdtDbtInd></TxDtls></NtryDtls><AddtlNtryInf>GUTSCHRIFT E-PAYMENT-TRANSAKTIONEN POSTFINANCE E-FINANCE EINLIEFERUNG VOM 12.08.2022 eversmart products Handels GmbH PFAQ08TW0000001 https://www.sanaclip.ch</AddtlNtryInf></Ntry><Ntry><Amt Ccy="CHF">79.90</Amt><CdtDbtInd>CRDT</CdtDbtInd><RvslInd>false</RvslInd><Sts>BOOK</Sts><BookgDt><Dt>2022-08-13</Dt></BookgDt><ValDt><Dt>2022-08-15</Dt></ValDt><AcctSvcrRef>2252400171596274</AcctSvcrRef><BkTxCd><Domn><Cd>PMNT</Cd><Fmly><Cd>MCRD</Cd><SubFmlyCd>POSP</SubFmlyCd></Fmly></Domn></BkTxCd><NtryDtls><TxDtls><Refs><AcctSvcrRef>2252400171596274</AcctSvcrRef></Refs><Amt Ccy="CHF">79.90</Amt><CdtDbtInd>CRDT</CdtDbtInd></TxDtls></NtryDtls><AddtlNtryInf>GUTSCHRIFT E-PAYMENT-TRANSAKTIONEN POSTFINANCE CARD EINLIEFERUNG VOM 12.08.2022 eversmart products Handels GmbH PFAQ08UA0000001 www.air-hallux.ch</AddtlNtryInf></Ntry><Ntry><Amt Ccy="CHF">79.90</Amt><CdtDbtInd>CRDT</CdtDbtInd><RvslInd>false</RvslInd><Sts>BOOK</Sts><BookgDt><Dt>2022-08-13</Dt></BookgDt><ValDt><Dt>2022-08-15</Dt></ValDt><AcctSvcrRef>2252400171596300</AcctSvcrRef><BkTxCd><Domn><Cd>PMNT</Cd><Fmly><Cd>MCRD</Cd><SubFmlyCd>POSP</SubFmlyCd></Fmly></Domn></BkTxCd><NtryDtls><TxDtls><Refs><AcctSvcrRef>2252400171596300</AcctSvcrRef></Refs><Amt Ccy="CHF">79.90</Amt><CdtDbtInd>CRDT</CdtDbtInd></TxDtls></NtryDtls><AddtlNtryInf>GUTSCHRIFT E-PAYMENT-TRANSAKTIONEN POSTFINANCE E-FINANCE EINLIEFERUNG VOM 12.08.2022 eversmart products Handels GmbH PFAQ08UA0000001 www.air-hallux.ch</AddtlNtryInf></Ntry><Ntry><Amt Ccy="CHF">59.90</Amt><CdtDbtInd>CRDT</CdtDbtInd><RvslInd>false</RvslInd><Sts>BOOK</Sts><BookgDt><Dt>2022-08-13</Dt></BookgDt><ValDt><Dt>2022-08-15</Dt></ValDt><AcctSvcrRef>2252400171596315</AcctSvcrRef><BkTxCd><Domn><Cd>PMNT</Cd><Fmly><Cd>MCRD</Cd><SubFmlyCd>POSP</SubFmlyCd></Fmly></Domn></BkTxCd><NtryDtls><TxDtls><Refs><AcctSvcrRef>2252400171596315</AcctSvcrRef></Refs><Amt Ccy="CHF">59.90</Amt><CdtDbtInd>CRDT</CdtDbtInd></TxDtls></NtryDtls><AddtlNtryInf>GUTSCHRIFT E-PAYMENT-TRANSAKTIONEN POSTFINANCE E-FINANCE EINLIEFERUNG VOM 12.08.2022 eversmart products Handels GmbH PFAQ08U90000001 www.hallux-schiene.ch</AddtlNtryInf></Ntry><Ntry><Amt Ccy="CHF">530.80</Amt><CdtDbtInd>DBIT</CdtDbtInd><RvslInd>false</RvslInd><Sts>BOOK</Sts><BookgDt><Dt>2022-08-15</Dt></BookgDt><ValDt><Dt>2022-08-15</Dt></ValDt><AcctSvcrRef>2272200092C0FL4K</AcctSvcrRef><BkTxCd><Domn><Cd>PMNT</Cd><Fmly><Cd>ICDT</Cd><SubFmlyCd>DMCT</SubFmlyCd></Fmly></Domn></BkTxCd><NtryDtls><TxDtls><Refs><AcctSvcrRef>25-640153793-1</AcctSvcrRef><PmtInfId>25:640153793</PmtInfId><InstrId>20220812000800709980563</InstrId></Refs><Amt Ccy="CHF">530.80</Amt><CdtDbtInd>DBIT</CdtDbtInd><BkTxCd><Domn><Cd>PMNT</Cd><Fmly><Cd>ICDT</Cd><SubFmlyCd>DMCT</SubFmlyCd></Fmly></Domn></BkTxCd><RltdPties><Cdtr><Nm>Glob-Sped AG</Nm><PstlAdr><Ctry>CH</Ctry></PstlAdr></Cdtr><CdtrAcct><Id><IBAN>CH9504835170829231000</IBAN></Id></CdtrAcct></RltdPties><RltdAgts><CdtrAgt><FinInstnId><BICFI>CRESCHZZ80A</BICFI><Nm>Credit Suisse (Schweiz) AG</Nm><PstlAdr><Ctry>CH</Ctry><AdrLine>Paradeplatz 8 8070 Zürich</AdrLine></PstlAdr></FinInstnId></CdtrAgt></RltdAgts><RmtInf><Ustrd>RE-88739 / Kd-Nummer 533926</Ustrd><Strd><AddtlRmtInf>Glob-Sped Verzollung 21.07.22</AddtlRmtInf></Strd></RmtInf></TxDtls></NtryDtls><AddtlNtryInf>LASTSCHRIFT CREDIT SUISSE (SCHWEIZ) AG PARADEPLATZ 8 8070 ZÜRICH CH9504835170829231000 GLOB-SPED AG SENDER REFERENZ: GLOB-SPED VERZOLLUNG 21.07.22 20220812000800709980563</AddtlNtryInf></Ntry><Ntry><Amt Ccy="CHF">109.83</Amt><CdtDbtInd>DBIT</CdtDbtInd><RvslInd>false</RvslInd><Sts>BOOK</Sts><BookgDt><Dt>2022-08-15</Dt></BookgDt><ValDt><Dt>2022-08-15</Dt></ValDt><AcctSvcrRef>2272200092CDKKXK</AcctSvcrRef><BkTxCd><Domn><Cd>PMNT</Cd><Fmly><Cd>ICDT</Cd><SubFmlyCd>AUTT</SubFmlyCd></Fmly></Domn></BkTxCd><NtryDtls><TxDtls><Refs><AcctSvcrRef>25-640150900-1</AcctSvcrRef><PmtInfId>25:640150900</PmtInfId><InstrId>20220812000800709892081</InstrId></Refs><Amt Ccy="CHF">109.83</Amt><CdtDbtInd>DBIT</CdtDbtInd><BkTxCd><Domn><Cd>PMNT</Cd><Fmly><Cd>ICDT</Cd><SubFmlyCd>AUTT</SubFmlyCd></Fmly></Domn></BkTxCd><RltdPties><Cdtr><Nm>DHL Express (Schweiz)</Nm><PstlAdr><Ctry>CH</Ctry><AdrLine>St. Jakobs-Strasse 222 4052 Basel</AdrLine></PstlAdr></Cdtr><CdtrAcct><Id><Othr><Id>010849125</Id></Othr></Id></CdtrAcct></RltdPties><RmtInf><Strd><CdtrRefInf><Tp><CdOrPrtry><Prtry>ESR</Prtry></CdOrPrtry></Tp><Ref>689515502101604660</Ref></CdtrRefInf><AddtlRmtInf>DHL WEP6895155</AddtlRmtInf></Strd></RmtInf></TxDtls></NtryDtls><AddtlNtryInf>ESR 01-84912-5 DHL EXPRESS (SCHWEIZ) ST. JAKOBS-STRASSE 222 4052 BASEL SENDER REFERENZ: DHL WEP6895155 20220812000800709892081</AddtlNtryInf></Ntry><Ntry><NtryRef>CH9209000000414939852</NtryRef><Amt Ccy="CHF">988.00</Amt><CdtDbtInd>CRDT</CdtDbtInd><RvslInd>false</RvslInd><Sts>BOOK</Sts><BookgDt><Dt>2022-08-15</Dt></BookgDt><ValDt><Dt>2022-08-15</Dt></ValDt><AcctSvcrRef>2272201092N4H6UK</AcctSvcrRef><BkTxCd><Domn><Cd>PMNT</Cd><Fmly><Cd>RCDT</Cd><SubFmlyCd>ATXN</SubFmlyCd></Fmly></Domn></BkTxCd><NtryDtls><Btch><NbOfTxs>1</NbOfTxs></Btch><TxDtls><Refs><AcctSvcrRef>220815CH092N4H6U</AcctSvcrRef><InstrId>20801327937.0001</InstrId><EndToEndId>NOTPROVIDED</EndToEndId><Prtry><Tp>00</Tp><Ref>220815CH092N4H6U</Ref></Prtry></Refs><Amt Ccy="CHF">988.00</Amt><CdtDbtInd>CRDT</CdtDbtInd><BkTxCd><Domn><Cd>PMNT</Cd><Fmly><Cd>RCDT</Cd><SubFmlyCd>ATXN</SubFmlyCd></Fmly></Domn></BkTxCd><RltdPties><Dbtr><Nm>Michael Speich</Nm><PstlAdr><AdrLine>Nidstalden</AdrLine><AdrLine>8758 Obstalden</AdrLine></PstlAdr></Dbtr><DbtrAcct><Id><IBAN>CH1000773805535123800</IBAN></Id></DbtrAcct><CdtrAcct><Id><IBAN>CH9209000000414939852</IBAN></Id></CdtrAcct></RltdPties><RltdAgts><DbtrAgt><FinInstnId><ClrSysMmbId><MmbId>773</MmbId></ClrSysMmbId><Nm>Glarner Kantonalbank</Nm><PstlAdr><AdrLine>8750 Glarus</AdrLine></PstlAdr></FinInstnId></DbtrAgt></RltdAgts><RmtInf><Ustrd>RE-90614</Ustrd><Strd><AddtlRmtInf>?REJECT?0</AddtlRmtInf><AddtlRmtInf>?ERROR?000</AddtlRmtInf></Strd></RmtInf><RltdDts><AccptncDtTm>2022-08-15T20:00:00</AccptncDtTm></RltdDts></TxDtls></NtryDtls><AddtlNtryInf>GUTSCHRIFT AUFTRAGGEBER: MICHAEL SPEICH NIDSTALDEN 8758 OBSTALDEN MITTEILUNGEN: RE-90614 REFERENZEN: NOTPROVIDED 20801327937.0001 220815CH092N4H6U</AddtlNtryInf></Ntry><Ntry><NtryRef>CH9209000000414939852</NtryRef><Amt Ccy="CHF">59.90</Amt><CdtDbtInd>CRDT</CdtDbtInd><RvslInd>false</RvslInd><Sts>BOOK</Sts><BookgDt><Dt>2022-08-15</Dt></BookgDt><ValDt><Dt>2022-08-15</Dt></ValDt><AcctSvcrRef>2272201092CZXAHK</AcctSvcrRef><BkTxCd><Domn><Cd>PMNT</Cd><Fmly><Cd>RCDT</Cd><SubFmlyCd>AUTT</SubFmlyCd></Fmly></Domn></BkTxCd><NtryDtls><Btch><NbOfTxs>1</NbOfTxs></Btch><TxDtls><Refs><AcctSvcrRef>220812CH092CZXAH</AcctSvcrRef><InstrId>20220812000800708872499</InstrId><Prtry><Tp>00</Tp><Ref>220812CH092CZXAH</Ref></Prtry></Refs><Amt Ccy="CHF">59.90</Amt><CdtDbtInd>CRDT</CdtDbtInd><BkTxCd><Domn><Cd>PMNT</Cd><Fmly><Cd>RCDT</Cd><SubFmlyCd>AUTT</SubFmlyCd></Fmly></Domn></BkTxCd><RltdPties><Dbtr><Nm>Young, Monika</Nm><PstlAdr><StrtNm>Regina-Kägi-Hof</StrtNm><BldgNb>6</BldgNb><PstCd>8050</PstCd><TwnNm>Zürich</TwnNm><Ctry>CH</Ctry></PstlAdr></Dbtr><DbtrAcct><Id><IBAN>CH6809000000801650572</IBAN></Id></DbtrAcct><CdtrAcct><Id><IBAN>CH9209000000414939852</IBAN></Id></CdtrAcct></RltdPties><RltdAgts><DbtrAgt><FinInstnId><BICFI>POFICHBEXXX</BICFI><Nm>POSTFINANCE AG</Nm><PstlAdr><AdrLine>MINGERSTRASSE , 20</AdrLine><AdrLine>3030 BERN</AdrLine></PstlAdr></FinInstnId></DbtrAgt></RltdAgts><RmtInf><Strd><AddtlRmtInf>?REJECT?0</AddtlRmtInf><AddtlRmtInf>?ERROR?000</AddtlRmtInf></Strd></RmtInf><RltdDts><AccptncDtTm>2022-08-15T20:00:00</AccptncDtTm></RltdDts></TxDtls></NtryDtls><AddtlNtryInf>GUTSCHRIFT CH6809000000801650572 ABSENDER: YOUNG, MONIKA REGINA-KÄGI-HOF 6 8050 ZÜRICH</AddtlNtryInf></Ntry><Ntry><NtryRef>CH9209000000414939852</NtryRef><Amt Ccy="CHF">1161.00</Amt><CdtDbtInd>CRDT</CdtDbtInd><RvslInd>false</RvslInd><Sts>BOOK</Sts><BookgDt><Dt>2022-08-15</Dt></BookgDt><ValDt><Dt>2022-08-15</Dt></ValDt><AcctSvcrRef>2272201092NEJNZK</AcctSvcrRef><BkTxCd><Domn><Cd>PMNT</Cd><Fmly><Cd>RCDT</Cd><SubFmlyCd>ATXN</SubFmlyCd></Fmly></Domn></BkTxCd><NtryDtls><Btch><NbOfTxs>1</NbOfTxs></Btch><TxDtls><Refs><AcctSvcrRef>220815CH092NEJNZ</AcctSvcrRef><InstrId>16814943449/4XXX</InstrId><EndToEndId>NOTPROVIDED</EndToEndId><Prtry><Tp>00</Tp><Ref>220815CH092NEJNZ</Ref></Prtry></Refs><Amt Ccy="CHF">1161.00</Amt><CdtDbtInd>CRDT</CdtDbtInd><BkTxCd><Domn><Cd>PMNT</Cd><Fmly><Cd>RCDT</Cd><SubFmlyCd>ATXN</SubFmlyCd></Fmly></Domn></BkTxCd><RltdPties><Dbtr><Nm>Nils Andreas Bettler</Nm><PstlAdr><AdrLine>Wylweg 24</AdrLine><AdrLine>4533 Riedholz</AdrLine></PstlAdr></Dbtr><DbtrAcct><Id><IBAN>CH4080808006005739155</IBAN></Id></DbtrAcct><CdtrAcct><Id><IBAN>CH9209000000414939852</IBAN></Id></CdtrAcct></RltdPties><RltdAgts><DbtrAgt><FinInstnId><ClrSysMmbId><MmbId>80976</MmbId></ClrSysMmbId><Nm>Raiffeisenbank Weissenstein</Nm><PstlAdr><AdrLine>Hauptgasse 67</AdrLine><AdrLine>4502 Solothurn</AdrLine></PstlAdr></FinInstnId></DbtrAgt></RltdAgts><RmtInf><Ustrd>Rechnung RE89627 Der haken (grau) P</Ustrd><Ustrd>roduktcode:4114 wurde nicht geliefe</Ustrd><Ustrd>rt Koennten sie mir bitte einen sch</Ustrd><Ustrd>icken?</Ustrd><Strd><AddtlRmtInf>?REJECT?0</AddtlRmtInf><AddtlRmtInf>?ERROR?000</AddtlRmtInf></Strd></RmtInf><RltdDts><AccptncDtTm>2022-08-15T20:00:00</AccptncDtTm></RltdDts></TxDtls></NtryDtls><AddtlNtryInf>GUTSCHRIFT AUFTRAGGEBER: NILS ANDREAS BETTLER WYLWEG 24 4533 RIEDHOLZ MITTEILUNGEN: RECHNUNG RE89627 DER HAKEN (GRAU) P RODUKTCODE:4114 WURDE NICHT GELIEFE RT KOENNTEN SIE MIR BITTE EINEN SCH ICKEN? REFERENZEN: NOTPROVIDED 16814943449/4XXX 220815CH092NEJNZ</AddtlNtryInf></Ntry><Ntry><NtryRef>CH9209000000414939852</NtryRef><Amt Ccy="CHF">1320.08</Amt><CdtDbtInd>CRDT</CdtDbtInd><RvslInd>false</RvslInd><Sts>BOOK</Sts><BookgDt><Dt>2022-08-15</Dt></BookgDt><ValDt><Dt>2022-08-15</Dt></ValDt><AcctSvcrRef>2272200092GY5YMK</AcctSvcrRef><BkTxCd><Domn><Cd>PMNT</Cd><Fmly><Cd>RCDT</Cd><SubFmlyCd>AUTT</SubFmlyCd></Fmly></Domn></BkTxCd><NtryDtls><Btch><NbOfTxs>1</NbOfTxs></Btch><TxDtls><Refs><MsgId>TWINT20220811-101-Merchant</MsgId><AcctSvcrRef>220812CH092GY5YM</AcctSvcrRef><PmtInfId>TWINT20220811-101-Merchant-B1</PmtInfId><InstrId>772bfb0e5ecf43c1a101d2e09b8dfad7</InstrId><EndToEndId>TWINT20220811-101-Merchant-B1</EndToEndId><Prtry><Tp>00</Tp><Ref>220812CH092GY5YM</Ref></Prtry></Refs><Amt Ccy="CHF">1320.08</Amt><CdtDbtInd>CRDT</CdtDbtInd><BkTxCd><Domn><Cd>PMNT</Cd><Fmly><Cd>RCDT</Cd><SubFmlyCd>AUTT</SubFmlyCd></Fmly></Domn></BkTxCd><RltdPties><Dbtr><Nm>TWINT Acquiring AG</Nm><PstlAdr><StrtNm>Stauffacherstrasse</StrtNm><BldgNb>41</BldgNb><PstCd>8004</PstCd><TwnNm>Zürich</TwnNm><Ctry>CH</Ctry></PstlAdr></Dbtr><DbtrAcct><Id><IBAN>CH6609000000313087410</IBAN></Id></DbtrAcct><CdtrAcct><Id><IBAN>CH9209000000414939852</IBAN></Id></CdtrAcct></RltdPties><RltdAgts><DbtrAgt><FinInstnId><BICFI>POFICHBEXXX</BICFI><Nm>POSTFINANCE AG</Nm><PstlAdr><AdrLine>MINGERSTRASSE , 20</AdrLine><AdrLine>3030 BERN</AdrLine></PstlAdr></FinInstnId></DbtrAgt></RltdAgts><RmtInf><Ustrd>999999 TWINT TWINT Auszahlungen Pay</Ustrd><Ustrd>out 20220812                       </Ustrd><Ustrd>   Gross: 1337.50 Fees: -17.42</Ustrd><Strd><AddtlRmtInf>?REJECT?0</AddtlRmtInf><AddtlRmtInf>?ERROR?000</AddtlRmtInf></Strd></RmtInf><RltdDts><AccptncDtTm>2022-08-15T20:00:00</AccptncDtTm></RltdDts></TxDtls></NtryDtls><AddtlNtryInf>GUTSCHRIFT CH6609000000313087410 ABSENDER: TWINT ACQUIRING AG STAUFFACHERSTRASSE 41 8004 ZÜRICH MITTEILUNGEN: 999999 TWINT TWINT AUSZAHLUNGEN PAY OUT 20220812                           GROSS: 1337.50 FEES: -17.42 REFERENZEN: TWINT20220811-101-MERCHANT-B1</AddtlNtryInf></Ntry><Ntry><NtryRef>CH9209000000414939852</NtryRef><Amt Ccy="CHF">120.30</Amt><CdtDbtInd>CRDT</CdtDbtInd><RvslInd>false</RvslInd><Sts>BOOK</Sts><BookgDt><Dt>2022-08-15</Dt></BookgDt><ValDt><Dt>2022-08-15</Dt></ValDt><AcctSvcrRef>2272201092P1AHYK</AcctSvcrRef><BkTxCd><Domn><Cd>PMNT</Cd><Fmly><Cd>RCDT</Cd><SubFmlyCd>ATXN</SubFmlyCd></Fmly></Domn></BkTxCd><NtryDtls><Btch><NbOfTxs>1</NbOfTxs></Btch><TxDtls><Refs><AcctSvcrRef>220815CH092P1AHY</AcctSvcrRef><InstrId>9901727E69113578</InstrId><EndToEndId>CONCA00000004627</EndToEndId><Prtry><Tp>00</Tp><Ref>220815CH092P1AHY</Ref></Prtry></Refs><Amt Ccy="CHF">120.30</Amt><CdtDbtInd>CRDT</CdtDbtInd><BkTxCd><Domn><Cd>PMNT</Cd><Fmly><Cd>RCDT</Cd><SubFmlyCd>ATXN</SubFmlyCd></Fmly></Domn></BkTxCd><RltdPties><Dbtr><Nm>CONCARDIS GMBH</Nm><PstlAdr><AdrLine>HELFMANN PARK 7 DE 65760 ESCHBORN</AdrLine></PstlAdr></Dbtr><DbtrAcct><Id><IBAN>CH830023023065770601M</IBAN></Id></DbtrAcct><CdtrAcct><Id><IBAN>CH9209000000414939852</IBAN></Id></CdtrAcct></RltdPties><RltdAgts><DbtrAgt><FinInstnId><ClrSysMmbId><MmbId>230</MmbId></ClrSysMmbId><Nm>UBS Switzerland AG</Nm><PstlAdr><AdrLine>Bahnhofstrasse 45</AdrLine><AdrLine>8098 Zürich</AdrLine></PstlAdr></FinInstnId></DbtrAgt></RltdAgts><RmtInf><Ustrd>MC:DAT03.08.22:ZAHL-NR000018:BRUTTO</Ustrd><Ustrd>122,08:KOM1,78:VP156581201:FIL:TRX3</Ustrd><Strd><AddtlRmtInf>?REJECT?0</AddtlRmtInf><AddtlRmtInf>?ERROR?000</AddtlRmtInf></Strd></RmtInf><RltdDts><AccptncDtTm>2022-08-15T20:00:00</AccptncDtTm></RltdDts></TxDtls></NtryDtls><AddtlNtryInf>GUTSCHRIFT AUFTRAGGEBER: CONCARDIS GMBH HELFMANN PARK 7 DE 65760 ESCHBORN MITTEILUNGEN: MC:DAT03.08.22:ZAHL-NR000018:BRUTTO 122,08:KOM1,78:VP156581201:FIL:TRX3 SPESENBETRAG 0.00 CHF SHA REFERENZEN: CONCA00000004627 9901727E69113578 220815CH092P1AHY</AddtlNtryInf></Ntry><Ntry><NtryRef>CH9209000000414939852</NtryRef><Amt Ccy="CHF">150.68</Amt><CdtDbtInd>CRDT</CdtDbtInd><RvslInd>false</RvslInd><Sts>BOOK</Sts><BookgDt><Dt>2022-08-15</Dt></BookgDt><ValDt><Dt>2022-08-15</Dt></ValDt><AcctSvcrRef>2272201092P1J1AK</AcctSvcrRef><BkTxCd><Domn><Cd>PMNT</Cd><Fmly><Cd>RCDT</Cd><SubFmlyCd>ATXN</SubFmlyCd></Fmly></Domn></BkTxCd><NtryDtls><Btch><NbOfTxs>1</NbOfTxs></Btch><TxDtls><Refs><AcctSvcrRef>220815CH092P1J1A</AcctSvcrRef><InstrId>9901727E69113632</InstrId><EndToEndId>CONCA00000004681</EndToEndId><Prtry><Tp>00</Tp><Ref>220815CH092P1J1A</Ref></Prtry></Refs><Amt Ccy="CHF">150.68</Amt><CdtDbtInd>CRDT</CdtDbtInd><BkTxCd><Domn><Cd>PMNT</Cd><Fmly><Cd>RCDT</Cd><SubFmlyCd>ATXN</SubFmlyCd></Fmly></Domn></BkTxCd><RltdPties><Dbtr><Nm>CONCARDIS GMBH</Nm><PstlAdr><AdrLine>HELFMANN PARK 7 DE 65760 ESCHBORN</AdrLine></PstlAdr></Dbtr><DbtrAcct><Id><IBAN>CH830023023065770601M</IBAN></Id></DbtrAcct><CdtrAcct><Id><IBAN>CH9209000000414939852</IBAN></Id></CdtrAcct></RltdPties><RltdAgts><DbtrAgt><FinInstnId><ClrSysMmbId><MmbId>230</MmbId></ClrSysMmbId><Nm>UBS Switzerland AG</Nm><PstlAdr><AdrLine>Bahnhofstrasse 45</AdrLine><AdrLine>8098 Zürich</AdrLine></PstlAdr></FinInstnId></DbtrAgt></RltdAgts><RmtInf><Ustrd>VI:DAT03.08.22:ZAHL-NR000006:BRUTTO</Ustrd><Ustrd>152,74:KOM2,06:VP146589702:FIL:TRX1</Ustrd><Strd><AddtlRmtInf>?REJECT?0</AddtlRmtInf><AddtlRmtInf>?ERROR?000</AddtlRmtInf></Strd></RmtInf><RltdDts><AccptncDtTm>2022-08-15T20:00:00</AccptncDtTm></RltdDts></TxDtls></NtryDtls><AddtlNtryInf>GUTSCHRIFT AUFTRAGGEBER: CONCARDIS GMBH HELFMANN PARK 7 DE 65760 ESCHBORN MITTEILUNGEN: VI:DAT03.08.22:ZAHL-NR000006:BRUTTO 152,74:KOM2,06:VP146589702:FIL:TRX1 SPESENBETRAG 0.00 CHF SHA REFERENZEN: CONCA00000004681 9901727E69113632 220815CH092P1J1A</AddtlNtryInf></Ntry><Ntry><NtryRef>CH9209000000414939852</NtryRef><Amt Ccy="CHF">85.88</Amt><CdtDbtInd>CRDT</CdtDbtInd><RvslInd>false</RvslInd><Sts>BOOK</Sts><BookgDt><Dt>2022-08-15</Dt></BookgDt><ValDt><Dt>2022-08-15</Dt></ValDt><AcctSvcrRef>2272201092P1CX6K</AcctSvcrRef><BkTxCd><Domn><Cd>PMNT</Cd><Fmly><Cd>RCDT</Cd><SubFmlyCd>ATXN</SubFmlyCd></Fmly></Domn></BkTxCd><NtryDtls><Btch><NbOfTxs>1</NbOfTxs></Btch><TxDtls><Refs><AcctSvcrRef>220815CH092P1CX6</AcctSvcrRef><InstrId>9901727E69113631</InstrId><EndToEndId>CONCA00000004680</EndToEndId><Prtry><Tp>00</Tp><Ref>220815CH092P1CX6</Ref></Prtry></Refs><Amt Ccy="CHF">85.88</Amt><CdtDbtInd>CRDT</CdtDbtInd><BkTxCd><Domn><Cd>PMNT</Cd><Fmly><Cd>RCDT</Cd><SubFmlyCd>ATXN</SubFmlyCd></Fmly></Domn></BkTxCd><RltdPties><Dbtr><Nm>CONCARDIS GMBH</Nm><PstlAdr><AdrLine>HELFMANN PARK 7 DE 65760 ESCHBORN</AdrLine></PstlAdr></Dbtr><DbtrAcct><Id><IBAN>CH830023023065770601M</IBAN></Id></DbtrAcct><CdtrAcct><Id><IBAN>CH9209000000414939852</IBAN></Id></CdtrAcct></RltdPties><RltdAgts><DbtrAgt><FinInstnId><ClrSysMmbId><MmbId>230</MmbId></ClrSysMmbId><Nm>UBS Switzerland AG</Nm><PstlAdr><AdrLine>Bahnhofstrasse 45</AdrLine><AdrLine>8098 Zürich</AdrLine></PstlAdr></FinInstnId></DbtrAgt></RltdAgts><RmtInf><Ustrd>MC:DAT03.08.22:ZAHL-NR000005:BRUTTO</Ustrd><Ustrd>87,13:KOM1,25:VP156589495:FIL:TRX2</Ustrd><Strd><AddtlRmtInf>?REJECT?0</AddtlRmtInf><AddtlRmtInf>?ERROR?000</AddtlRmtInf></Strd></RmtInf><RltdDts><AccptncDtTm>2022-08-15T20:00:00</AccptncDtTm></RltdDts></TxDtls></NtryDtls><AddtlNtryInf>GUTSCHRIFT AUFTRAGGEBER: CONCARDIS GMBH HELFMANN PARK 7 DE 65760 ESCHBORN MITTEILUNGEN: MC:DAT03.08.22:ZAHL-NR000005:BRUTTO 87,13:KOM1,25:VP156589495:FIL:TRX2 SPESENBETRAG 0.00 CHF SHA REFERENZEN: CONCA00000004680 9901727E69113631 220815CH092P1CX6</AddtlNtryInf></Ntry><Ntry><NtryRef>CH9209000000414939852</NtryRef><Amt Ccy="CHF">60.19</Amt><CdtDbtInd>CRDT</CdtDbtInd><RvslInd>false</RvslInd><Sts>BOOK</Sts><BookgDt><Dt>2022-08-15</Dt></BookgDt><ValDt><Dt>2022-08-15</Dt></ValDt><AcctSvcrRef>2272201092P1JY4K</AcctSvcrRef><BkTxCd><Domn><Cd>PMNT</Cd><Fmly><Cd>RCDT</Cd><SubFmlyCd>ATXN</SubFmlyCd></Fmly></Domn></BkTxCd><NtryDtls><Btch><NbOfTxs>1</NbOfTxs></Btch><TxDtls><Refs><AcctSvcrRef>220815CH092P1JY4</AcctSvcrRef><InstrId>9901727E69113629</InstrId><EndToEndId>CONCA00000004678</EndToEndId><Prtry><Tp>00</Tp><Ref>220815CH092P1JY4</Ref></Prtry></Refs><Amt Ccy="CHF">60.19</Amt><CdtDbtInd>CRDT</CdtDbtInd><BkTxCd><Domn><Cd>PMNT</Cd><Fmly><Cd>RCDT</Cd><SubFmlyCd>ATXN</SubFmlyCd></Fmly></Domn></BkTxCd><RltdPties><Dbtr><Nm>CONCARDIS GMBH</Nm><PstlAdr><AdrLine>HELFMANN PARK 7 DE 65760 ESCHBORN</AdrLine></PstlAdr></Dbtr><DbtrAcct><Id><IBAN>CH830023023065770601M</IBAN></Id></DbtrAcct><CdtrAcct><Id><IBAN>CH9209000000414939852</IBAN></Id></CdtrAcct></RltdPties><RltdAgts><DbtrAgt><FinInstnId><ClrSysMmbId><MmbId>230</MmbId></ClrSysMmbId><Nm>UBS Switzerland AG</Nm><PstlAdr><AdrLine>Bahnhofstrasse 45</AdrLine><AdrLine>8098 Zürich</AdrLine></PstlAdr></FinInstnId></DbtrAgt></RltdAgts><RmtInf><Ustrd>VI:DAT03.08.22:ZAHL-NR000012:BRUTTO</Ustrd><Ustrd>61,04:KOM0,85:VP146589281:FIL:TRX1</Ustrd><Strd><AddtlRmtInf>?REJECT?0</AddtlRmtInf><AddtlRmtInf>?ERROR?000</AddtlRmtInf></Strd></RmtInf><RltdDts><AccptncDtTm>2022-08-15T20:00:00</AccptncDtTm></RltdDts></TxDtls></NtryDtls><AddtlNtryInf>GUTSCHRIFT AUFTRAGGEBER: CONCARDIS GMBH HELFMANN PARK 7 DE 65760 ESCHBORN MITTEILUNGEN: VI:DAT03.08.22:ZAHL-NR000012:BRUTTO 61,04:KOM0,85:VP146589281:FIL:TRX1 SPESENBETRAG 0.00 CHF SHA REFERENZEN: CONCA00000004678 9901727E69113629 220815CH092P1JY4</AddtlNtryInf></Ntry><Ntry><NtryRef>CH9209000000414939852</NtryRef><Amt Ccy="CHF">70.18</Amt><CdtDbtInd>CRDT</CdtDbtInd><RvslInd>false</RvslInd><Sts>BOOK</Sts><BookgDt><Dt>2022-08-15</Dt></BookgDt><ValDt><Dt>2022-08-15</Dt></ValDt><AcctSvcrRef>2272201092P1FDFK</AcctSvcrRef><BkTxCd><Domn><Cd>PMNT</Cd><Fmly><Cd>RCDT</Cd><SubFmlyCd>ATXN</SubFmlyCd></Fmly></Domn></BkTxCd><NtryDtls><Btch><NbOfTxs>1</NbOfTxs></Btch><TxDtls><Refs><AcctSvcrRef>220815CH092P1FDF</AcctSvcrRef><InstrId>9901727E69113628</InstrId><EndToEndId>CONCA00000004677</EndToEndId><Prtry><Tp>00</Tp><Ref>220815CH092P1FDF</Ref></Prtry></Refs><Amt Ccy="CHF">70.18</Amt><CdtDbtInd>CRDT</CdtDbtInd><BkTxCd><Domn><Cd>PMNT</Cd><Fmly><Cd>RCDT</Cd><SubFmlyCd>ATXN</SubFmlyCd></Fmly></Domn></BkTxCd><RltdPties><Dbtr><Nm>CONCARDIS GMBH</Nm><PstlAdr><AdrLine>HELFMANN PARK 7 DE 65760 ESCHBORN</AdrLine></PstlAdr></Dbtr><DbtrAcct><Id><IBAN>CH830023023065770601M</IBAN></Id></DbtrAcct><CdtrAcct><Id><IBAN>CH9209000000414939852</IBAN></Id></CdtrAcct></RltdPties><RltdAgts><DbtrAgt><FinInstnId><ClrSysMmbId><MmbId>230</MmbId></ClrSysMmbId><Nm>UBS Switzerland AG</Nm><PstlAdr><AdrLine>Bahnhofstrasse 45</AdrLine><AdrLine>8098 Zürich</AdrLine></PstlAdr></FinInstnId></DbtrAgt></RltdAgts><RmtInf><Ustrd>MC:DAT03.08.22:ZAHL-NR000011:BRUTTO</Ustrd><Ustrd>71,22:KOM1,04:VP156589289:FIL:TRX2</Ustrd><Strd><AddtlRmtInf>?REJECT?0</AddtlRmtInf><AddtlRmtInf>?ERROR?000</AddtlRmtInf></Strd></RmtInf><RltdDts><AccptncDtTm>2022-08-15T20:00:00</AccptncDtTm></RltdDts></TxDtls></NtryDtls><AddtlNtryInf>GUTSCHRIFT AUFTRAGGEBER: CONCARDIS GMBH HELFMANN PARK 7 DE 65760 ESCHBORN MITTEILUNGEN: MC:DAT03.08.22:ZAHL-NR000011:BRUTTO 71,22:KOM1,04:VP156589289:FIL:TRX2 SPESENBETRAG 0.00 CHF SHA REFERENZEN: CONCA00000004677 9901727E69113628 220815CH092P1FDF</AddtlNtryInf></Ntry><Ntry><NtryRef>CH9209000000414939852</NtryRef><Amt Ccy="CHF">164.40</Amt><CdtDbtInd>CRDT</CdtDbtInd><RvslInd>false</RvslInd><Sts>BOOK</Sts><BookgDt><Dt>2022-08-15</Dt></BookgDt><ValDt><Dt>2022-08-15</Dt></ValDt><AcctSvcrRef>2272201092P1GPWK</AcctSvcrRef><BkTxCd><Domn><Cd>PMNT</Cd><Fmly><Cd>RCDT</Cd><SubFmlyCd>ATXN</SubFmlyCd></Fmly></Domn></BkTxCd><NtryDtls><Btch><NbOfTxs>1</NbOfTxs></Btch><TxDtls><Refs><AcctSvcrRef>220815CH092P1GPW</AcctSvcrRef><InstrId>9901727E69113630</InstrId><EndToEndId>CONCA00000004679</EndToEndId><Prtry><Tp>00</Tp><Ref>220815CH092P1GPW</Ref></Prtry></Refs><Amt Ccy="CHF">164.40</Amt><CdtDbtInd>CRDT</CdtDbtInd><BkTxCd><Domn><Cd>PMNT</Cd><Fmly><Cd>RCDT</Cd><SubFmlyCd>ATXN</SubFmlyCd></Fmly></Domn></BkTxCd><RltdPties><Dbtr><Nm>CONCARDIS GMBH</Nm><PstlAdr><AdrLine>HELFMANN PARK 7 DE 65760 ESCHBORN</AdrLine></PstlAdr></Dbtr><DbtrAcct><Id><IBAN>CH830023023065770601M</IBAN></Id></DbtrAcct><CdtrAcct><Id><IBAN>CH9209000000414939852</IBAN></Id></CdtrAcct></RltdPties><RltdAgts><DbtrAgt><FinInstnId><ClrSysMmbId><MmbId>230</MmbId></ClrSysMmbId><Nm>UBS Switzerland AG</Nm><PstlAdr><AdrLine>Bahnhofstrasse 45</AdrLine><AdrLine>8098 Zürich</AdrLine></PstlAdr></FinInstnId></DbtrAgt></RltdAgts><RmtInf><Ustrd>MC:DAT03.08.22:ZAHL-NR000019:BRUTTO</Ustrd><Ustrd>166,94:KOM2,54:VP156589312:FIL:TRX3</Ustrd><Strd><AddtlRmtInf>?REJECT?0</AddtlRmtInf><AddtlRmtInf>?ERROR?000</AddtlRmtInf></Strd></RmtInf><RltdDts><AccptncDtTm>2022-08-15T20:00:00</AccptncDtTm></RltdDts></TxDtls></NtryDtls><AddtlNtryInf>GUTSCHRIFT AUFTRAGGEBER: CONCARDIS GMBH HELFMANN PARK 7 DE 65760 ESCHBORN MITTEILUNGEN: MC:DAT03.08.22:ZAHL-NR000019:BRUTTO 166,94:KOM2,54:VP156589312:FIL:TRX3 SPESENBETRAG 0.00 CHF SHA REFERENZEN: CONCA00000004679 9901727E69113630 220815CH092P1GPW</AddtlNtryInf></Ntry><Ntry><Amt Ccy="CHF">8000.00</Amt><CdtDbtInd>DBIT</CdtDbtInd><RvslInd>false</RvslInd><Sts>BOOK</Sts><BookgDt><Dt>2022-08-15</Dt></BookgDt><ValDt><Dt>2022-08-15</Dt></ValDt><AcctSvcrRef>2272200092PRTRQK</AcctSvcrRef><BkTxCd><Domn><Cd>PMNT</Cd><Fmly><Cd>ICDT</Cd><SubFmlyCd>XBCT</SubFmlyCd></Fmly></Domn></BkTxCd><NtryDtls><TxDtls><Refs><AcctSvcrRef>25-640948181-1</AcctSvcrRef><PmtInfId>25:640948181</PmtInfId><InstrId>20220815000800741076725</InstrId></Refs><Amt Ccy="CHF">8000.00</Amt><CdtDbtInd>DBIT</CdtDbtInd><BkTxCd><Domn><Cd>PMNT</Cd><Fmly><Cd>ICDT</Cd><SubFmlyCd>XBCT</SubFmlyCd></Fmly></Domn></BkTxCd><RltdPties><Cdtr><Nm>ZUM WEB MA</Nm><PstlAdr><Ctry>MA</Ctry><AdrLine>Bureau 4 N° 591 Rte de Safi Lot Al 40000 Marrakech</AdrLine></PstlAdr></Cdtr><CdtrAcct><Id><Othr><Id>MA64 0114 5000 0005 2100 0088 7273</Id></Othr></Id></CdtrAcct></RltdPties><RltdAgts><CdtrAgt><FinInstnId><BICFI>BMCEMAMCXXX</BICFI><Nm>BANK OF AFRICA</Nm><PstlAdr><Ctry>MA</Ctry><AdrLine>AVENUE HASSAN II, 140 20000 CASABLANCA</AdrLine></PstlAdr></FinInstnId></CdtrAgt></RltdAgts><RmtInf><Ustrd>RE 2208</Ustrd><Strd><AddtlRmtInf>Zum Web 08/2022</AddtlRmtInf></Strd></RmtInf></TxDtls></NtryDtls><AddtlNtryInf>GIRO INTERNATIONAL BANK OF AFRICA AVENUE HASSAN II, 140 20000 CASABLANCA MA64 0114 5000 0005 2100 0088 7273 ZUM WEB MA BUREAU 4 N° 591 RTE DE SAFI LOT AL 40000 MARRAKECH SENDER REFERENZ: ZUM WEB 08/2022 20220815000800741076725</AddtlNtryInf></Ntry><Ntry><NtryRef>CH9209000000414939852</NtryRef><Amt Ccy="CHF">159.90</Amt><CdtDbtInd>CRDT</CdtDbtInd><RvslInd>false</RvslInd><Sts>BOOK</Sts><BookgDt><Dt>2022-08-15</Dt></BookgDt><ValDt><Dt>2022-08-15</Dt></ValDt><AcctSvcrRef>2272201092RB974K</AcctSvcrRef><BkTxCd><Domn><Cd>PMNT</Cd><Fmly><Cd>RCDT</Cd><SubFmlyCd>ATXN</SubFmlyCd></Fmly></Domn></BkTxCd><NtryDtls><Btch><NbOfTxs>1</NbOfTxs></Btch><TxDtls><Refs><AcctSvcrRef>220815CH092RB974</AcctSvcrRef><InstrId>DNUJ220812C48902</InstrId><EndToEndId>SP-71404935-0</EndToEndId><Prtry><Tp>00</Tp><Ref>220815CH092RB974</Ref></Prtry></Refs><Amt Ccy="CHF">159.90</Amt><CdtDbtInd>CRDT</CdtDbtInd><BkTxCd><Domn><Cd>PMNT</Cd><Fmly><Cd>RCDT</Cd><SubFmlyCd>ATXN</SubFmlyCd></Fmly></Domn></BkTxCd><RltdPties><Dbtr><Nm>M. Hassan Achoumi et-ou Mme Colette Achoumi</Nm><PstlAdr><StrtNm>route des Corles</StrtNm><BldgNb>11</BldgNb><PstCd>3960</PstCd><TwnNm>Sierre</TwnNm><Ctry>CH</Ctry></PstlAdr></Dbtr><DbtrAcct><Id><IBAN>CH4704835025972040000</IBAN></Id></DbtrAcct><CdtrAcct><Id><IBAN>CH9209000000414939852</IBAN></Id></CdtrAcct></RltdPties><RltdAgts><DbtrAgt><FinInstnId><ClrSysMmbId><MmbId>4835</MmbId></ClrSysMmbId><Nm>Credit Suisse (Schweiz) AG</Nm><PstlAdr><AdrLine>Paradeplatz 8</AdrLine><AdrLine>8070 Zürich</AdrLine></PstlAdr></FinInstnId></DbtrAgt></RltdAgts><RmtInf><Ustrd>Commande Bruxima.ch 13996 / Client0</Ustrd><Ustrd>77875</Ustrd><Strd><AddtlRmtInf>?REJECT?0</AddtlRmtInf><AddtlRmtInf>?ERROR?000</AddtlRmtInf></Strd></RmtInf><RltdDts><AccptncDtTm>2022-08-15T20:00:00</AccptncDtTm></RltdDts></TxDtls></NtryDtls><AddtlNtryInf>GUTSCHRIFT AUFTRAGGEBER: M. HASSAN ACHOUMI ET-OU MME COLETTE  ACHOUMI ROUTE DES CORLES 11 3960 SIERRE MITTEILUNGEN: COMMANDE BRUXIMA.CH 13996 / CLIENT0 77875 SPESENBETRAG 0.00 CHF SHA REFERENZEN: SP-71404935-0 DNUJ220812C48902 220815CH092RB974</AddtlNtryInf></Ntry><Ntry><NtryRef>CH9530000002414939852</NtryRef><Amt Ccy="CHF">38.30</Amt><CdtDbtInd>CRDT</CdtDbtInd><RvslInd>false</RvslInd><Sts>BOOK</Sts><BookgDt><Dt>2022-08-15</Dt></BookgDt><ValDt><Dt>2022-08-15</Dt></ValDt><AcctSvcrRef>2272200092S2OJCU</AcctSvcrRef><BkTxCd><Domn><Cd>PMNT</Cd><Fmly><Cd>RCDT</Cd><SubFmlyCd>VCOM</SubFmlyCd></Fmly></Domn></BkTxCd><Chrgs><TtlChrgsAndTaxAmt Ccy="CHF">1.20</TtlChrgsAndTaxAmt><Rcrd><Amt Ccy="CHF">1.20</Amt><CdtDbtInd>DBIT</CdtDbtInd><ChrgInclInd>false</ChrgInclInd><Tp><Prtry><Id>2</Id></Prtry></Tp></Rcrd></Chrgs><NtryDtls><TxDtls><Refs><AcctSvcrRef>2272200092S2OJCU</AcctSvcrRef></Refs><Amt Ccy="CHF">38.30</Amt><CdtDbtInd>CRDT</CdtDbtInd></TxDtls></NtryDtls><AddtlNtryInf>SAMMELGUTSCHRIFT FÜR KONTO: CH9530000002414939852 VERARBEITUNG VOM 15.08.2022 PAKET ID: 220815CH00000BWP</AddtlNtryInf></Ntry><Ntry><NtryRef>CH4330000001414939852</NtryRef><Amt Ccy="CHF">17000.27</Amt><CdtDbtInd>CRDT</CdtDbtInd><RvslInd>false</RvslInd><Sts>BOOK</Sts><BookgDt><Dt>2022-08-15</Dt></BookgDt><ValDt><Dt>2022-08-15</Dt></ValDt><AcctSvcrRef>2272200092S2V7ZU</AcctSvcrRef><BkTxCd><Domn><Cd>PMNT</Cd><Fmly><Cd>RCDT</Cd><SubFmlyCd>VCOM</SubFmlyCd></Fmly></Domn></BkTxCd><Chrgs><TtlChrgsAndTaxAmt Ccy="CHF">9.20</TtlChrgsAndTaxAmt><Rcrd><Amt Ccy="CHF">9.20</Amt><CdtDbtInd>DBIT</CdtDbtInd><ChrgInclInd>false</ChrgInclInd><Tp><Prtry><Id>2</Id></Prtry></Tp></Rcrd></Chrgs><NtryDtls><TxDtls><Refs><AcctSvcrRef>2272200092S2V7ZU</AcctSvcrRef></Refs><Amt Ccy="CHF">17000.27</Amt><CdtDbtInd>CRDT</CdtDbtInd></TxDtls></NtryDtls><AddtlNtryInf>SAMMELGUTSCHRIFT FÜR KONTO: CH4330000001414939852 VERARBEITUNG VOM 15.08.2022 PAKET ID: 220815CH000007SK</AddtlNtryInf></Ntry></Stmt></BkToCstmrStmt></Document>
