<?xml version="1.0" encoding="UTF-8"?>
<Document xmlns="urn:iso:std:iso:20022:tech:xsd:camt.054.001.04" xmlns:xsi="http://www.w3.org/2001/XMLSchema-instance" xsi:schemaLocation="urn:iso:std:iso:20022:tech:xsd:camt.054.001.04 camt.054.001.04.xsd"><BkToCstmrDbtCdtNtfctn><GrpHdr><MsgId>20220531375204848790796</MsgId><CreDtTm>2022-05-31T23:51:06</CreDtTm><MsgPgntn><PgNb>1</PgNb><LastPgInd>true</LastPgInd></MsgPgntn><AddtlInf>SPS/1.7/PROD</AddtlInf></GrpHdr><Ntfctn><Id>20220531375204848790798</Id><CreDtTm>2022-05-31T23:51:06</CreDtTm><FrToDt><FrDtTm>2022-05-31T00:00:00</FrDtTm><ToDtTm>2022-05-31T23:59:59</ToDtTm></FrToDt><RptgSrc><Prtry>OTHR</Prtry></RptgSrc><Acct><Id><IBAN>CH9209000000414939852</IBAN></Id><Ownr><Nm>eversmart products Handels GmbH Pfäffikon SZ</Nm></Ownr></Acct><Ntry><NtryRef>CH9530000002414939852</NtryRef><Amt Ccy="CHF">2.00</Amt><CdtDbtInd>CRDT</CdtDbtInd><RvslInd>false</RvslInd><Sts>BOOK</Sts><BookgDt><Dt>2022-05-31</Dt></BookgDt><ValDt><Dt>2022-05-31</Dt></ValDt><AcctSvcrRef>151220008RJSO4PU</AcctSvcrRef><BkTxCd><Domn><Cd>PMNT</Cd><Fmly><Cd>RCDT</Cd><SubFmlyCd>VCOM</SubFmlyCd></Fmly></Domn></BkTxCd><NtryDtls><Btch><NbOfTxs>2</NbOfTxs></Btch><TxDtls><Refs><AcctSvcrRef>220531CH08RGOZP7</AcctSvcrRef><InstrId>DNUK220531C01774</InstrId><EndToEndId>SP-40052783-0</EndToEndId><Prtry><Tp>00</Tp><Ref>20220531375204498206430</Ref></Prtry></Refs><Amt Ccy="CHF">1.00</Amt><CdtDbtInd>CRDT</CdtDbtInd><BkTxCd><Domn><Cd>PMNT</Cd><Fmly><Cd>RCDT</Cd><SubFmlyCd>ATXN</SubFmlyCd></Fmly></Domn></BkTxCd><RltdPties><Dbtr><Nm>Zum web by  Ait Moussa EF</Nm><PstlAdr><StrtNm>Morgenstrasse</StrtNm><BldgNb>129</BldgNb><PstCd>3018</PstCd><TwnNm>Bern</TwnNm><Ctry>CH</Ctry></PstlAdr></Dbtr><DbtrAcct><Id><IBAN>CH4104835345470081000</IBAN></Id></DbtrAcct><UltmtDbtr><Nm>Natanael Kurz</Nm><PstlAdr><AdrLine>Isenrietstrasse 19</AdrLine><AdrLine>8617 Monchaltorf</AdrLine></PstlAdr></UltmtDbtr></RltdPties><RltdAgts><DbtrAgt><FinInstnId><ClrSysMmbId><MmbId>4835</MmbId></ClrSysMmbId><Nm>Credit Suisse (Schweiz) AG</Nm><PstlAdr><AdrLine>Paradeplatz 8</AdrLine><AdrLine>8070 Zürich</AdrLine></PstlAdr></FinInstnId></DbtrAgt></RltdAgts><RmtInf><Strd><CdtrRefInf><Tp><CdOrPrtry><Prtry>QRR</Prtry></CdOrPrtry></Tp><Ref>000000000000000000000003376</Ref></CdtrRefInf><AddtlRmtInf>?REJECT?0</AddtlRmtInf><AddtlRmtInf>?ERROR?000</AddtlRmtInf><AddtlRmtInf>6597</AddtlRmtInf></Strd></RmtInf><RltdDts><AccptncDtTm>2022-05-31T20:00:00</AccptncDtTm></RltdDts></TxDtls><TxDtls><Refs><AcctSvcrRef>220531CH08RGQ887</AcctSvcrRef><InstrId>DNUK220531C09012</InstrId><EndToEndId>SP-98243665-0</EndToEndId><Prtry><Tp>00</Tp><Ref>20220531375204498210344</Ref></Prtry></Refs><Amt Ccy="CHF">1.00</Amt><CdtDbtInd>CRDT</CdtDbtInd><BkTxCd><Domn><Cd>PMNT</Cd><Fmly><Cd>RCDT</Cd><SubFmlyCd>ATXN</SubFmlyCd></Fmly></Domn></BkTxCd><RltdPties><Dbtr><Nm>Zum web by  Ait Moussa EF</Nm><PstlAdr><StrtNm>Morgenstrasse</StrtNm><BldgNb>129</BldgNb><PstCd>3018</PstCd><TwnNm>Bern</TwnNm><Ctry>CH</Ctry></PstlAdr></Dbtr><DbtrAcct><Id><IBAN>CH4104835345470081000</IBAN></Id></DbtrAcct><UltmtDbtr><Nm>Natanael Kurz</Nm><PstlAdr><AdrLine>Tiergarten 9 9</AdrLine><AdrLine>3400 Burgdorf</AdrLine></PstlAdr></UltmtDbtr></RltdPties><RltdAgts><DbtrAgt><FinInstnId><ClrSysMmbId><MmbId>4835</MmbId></ClrSysMmbId><Nm>Credit Suisse (Schweiz) AG</Nm><PstlAdr><AdrLine>Paradeplatz 8</AdrLine><AdrLine>8070 Zürich</AdrLine></PstlAdr></FinInstnId></DbtrAgt></RltdAgts><RmtInf><Strd><CdtrRefInf><Tp><CdOrPrtry><Prtry>QRR</Prtry></CdOrPrtry></Tp><Ref>000000000000000000000003384</Ref></CdtrRefInf><AddtlRmtInf>?REJECT?0</AddtlRmtInf><AddtlRmtInf>?ERROR?000</AddtlRmtInf><AddtlRmtInf>6598</AddtlRmtInf></Strd></RmtInf><RltdDts><AccptncDtTm>2022-05-31T20:00:00</AccptncDtTm></RltdDts></TxDtls></NtryDtls><AddtlNtryInf>SAMMELGUTSCHRIFT FÜR KONTO: CH9530000002414939852 VERARBEITUNG VOM 31.05.2022 PAKET ID: 220531CH00000CKZ</AddtlNtryInf></Ntry></Ntfctn></BkToCstmrDbtCdtNtfctn></Document>
