<?xml version="1.0" encoding="UTF-8"?>
<Document xmlns="urn:iso:std:iso:20022:tech:xsd:camt.054.001.04" xmlns:xsi="http://www.w3.org/2001/XMLSchema-instance" xsi:schemaLocation="urn:iso:std:iso:20022:tech:xsd:camt.054.001.04 camt.054.001.04.xsd"><BkToCstmrDbtCdtNtfctn><GrpHdr><MsgId>20220830375204914247824</MsgId><CreDtTm>2022-08-30T23:42:57</CreDtTm><MsgPgntn><PgNb>1</PgNb><LastPgInd>true</LastPgInd></MsgPgntn><AddtlInf>SPS/1.7/PROD</AddtlInf></GrpHdr><Ntfctn><Id>20220830375204914247826</Id><CreDtTm>2022-08-30T23:42:57</CreDtTm><FrToDt><FrDtTm>2022-08-30T00:00:00</FrDtTm><ToDtTm>2022-08-30T23:59:59</ToDtTm></FrToDt><RptgSrc><Prtry>OTHR</Prtry></RptgSrc><Acct><Id><IBAN>CH9209000000414939852</IBAN></Id><Ownr><Nm>eversmart products Handels GmbH Pfäffikon SZ</Nm></Ownr></Acct><Ntry><NtryRef>CH9530000002414939852</NtryRef><Amt Ccy="CHF">37.30</Amt><CdtDbtInd>CRDT</CdtDbtInd><RvslInd>false</RvslInd><Sts>BOOK</Sts><BookgDt><Dt>2022-08-30</Dt></BookgDt><ValDt><Dt>2022-08-30</Dt></ValDt><AcctSvcrRef>24222000955A778U</AcctSvcrRef><BkTxCd><Domn><Cd>PMNT</Cd><Fmly><Cd>RCDT</Cd><SubFmlyCd>VCOM</SubFmlyCd></Fmly></Domn></BkTxCd><NtryDtls><Btch><NbOfTxs>1</NbOfTxs></Btch><TxDtls><Refs><AcctSvcrRef>220830CH0952OWKX</AcctSvcrRef><InstrId>16853033594/6XXX</InstrId><EndToEndId>NOTPROVIDED</EndToEndId><Prtry><Tp>00</Tp><Ref>20220830375204577716668</Ref></Prtry></Refs><Amt Ccy="CHF">37.30</Amt><CdtDbtInd>CRDT</CdtDbtInd><BkTxCd><Domn><Cd>PMNT</Cd><Fmly><Cd>RCDT</Cd><SubFmlyCd>ATXN</SubFmlyCd></Fmly></Domn></BkTxCd><RltdPties><Dbtr><Nm>Tanja Schuler</Nm><PstlAdr><AdrLine>Rohrbuehlweg 24</AdrLine><AdrLine>5610 Wohlen AG</AdrLine></PstlAdr></Dbtr><DbtrAcct><Id><IBAN>CH9080808009081145565</IBAN></Id></DbtrAcct><UltmtDbtr><Nm>Tanja Schuler</Nm><PstlAdr><AdrLine>Rohrbuhlweg 24</AdrLine><AdrLine>5610 5610</AdrLine></PstlAdr></UltmtDbtr><CdtrAcct><Id><IBAN>CH9530000002414939852</IBAN></Id></CdtrAcct></RltdPties><RltdAgts><DbtrAgt><FinInstnId><ClrSysMmbId><MmbId>80747</MmbId></ClrSysMmbId><Nm>Raiffeisenbank Würenlos</Nm><PstlAdr><AdrLine>Schulstrasse 4</AdrLine><AdrLine>5436 Würenlos</AdrLine></PstlAdr></FinInstnId></DbtrAgt></RltdAgts><RmtInf><Strd><CdtrRefInf><Tp><CdOrPrtry><Prtry>QRR</Prtry></CdOrPrtry></Tp><Ref>000000000000000000000004678</Ref></CdtrRefInf><AddtlRmtInf>?REJECT?0</AddtlRmtInf><AddtlRmtInf>?ERROR?000</AddtlRmtInf><AddtlRmtInf>3542</AddtlRmtInf></Strd></RmtInf><RltdDts><AccptncDtTm>2022-08-30T20:00:00</AccptncDtTm></RltdDts></TxDtls></NtryDtls><AddtlNtryInf>SAMMELGUTSCHRIFT FÜR KONTO: CH9530000002414939852 VERARBEITUNG VOM 30.08.2022 PAKET ID: 220830CH00000DW2</AddtlNtryInf></Ntry></Ntfctn></BkToCstmrDbtCdtNtfctn></Document>
