<?xml version="1.0" encoding="UTF-8"?>
<Document xmlns="urn:iso:std:iso:20022:tech:xsd:camt.053.001.04" xmlns:xsi="http://www.w3.org/2001/XMLSchema-instance" xsi:schemaLocation="urn:iso:std:iso:20022:tech:xsd:camt.053.001.04 camt.053.001.04.xsd"><BkToCstmrStmt><GrpHdr><MsgId>20220803375204897995311</MsgId><CreDtTm>2022-08-04T01:50:21</CreDtTm><MsgPgntn><PgNb>1</PgNb><LastPgInd>true</LastPgInd></MsgPgntn><AddtlInf>SPS/1.7/PROD</AddtlInf></GrpHdr><Stmt><Id>20220803375204897995341</Id><ElctrncSeqNb>150</ElctrncSeqNb><CreDtTm>2022-08-04T01:50:21</CreDtTm><FrToDt><FrDtTm>2022-08-03T00:00:00</FrDtTm><ToDtTm>2022-08-03T23:59:59</ToDtTm></FrToDt><Acct><Id><IBAN>CH9209000000414939852</IBAN></Id><Ownr><Nm>eversmart products Handels GmbH Pfäffikon SZ</Nm></Ownr></Acct><Bal><Tp><CdOrPrtry><Cd>OPBD</Cd></CdOrPrtry></Tp><Amt Ccy="CHF">81017.24</Amt><CdtDbtInd>CRDT</CdtDbtInd><Dt><Dt>2022-08-03</Dt></Dt></Bal><Bal><Tp><CdOrPrtry><Cd>CLBD</Cd></CdOrPrtry></Tp><Amt Ccy="CHF">62751.75</Amt><CdtDbtInd>CRDT</CdtDbtInd><Dt><Dt>2022-08-03</Dt></Dt></Bal><Bal><Tp><CdOrPrtry><Cd>CLAV</Cd></CdOrPrtry></Tp><Amt Ccy="CHF">62751.75</Amt><CdtDbtInd>CRDT</CdtDbtInd><Dt><Dt>2022-08-03</Dt></Dt></Bal><Ntry><Amt Ccy="CHF">30000.00</Amt><CdtDbtInd>DBIT</CdtDbtInd><RvslInd>false</RvslInd><Sts>BOOK</Sts><BookgDt><Dt>2022-08-03</Dt></BookgDt><ValDt><Dt>2022-08-03</Dt></ValDt><AcctSvcrRef>2152200090ZXBHRK</AcctSvcrRef><BkTxCd><Domn><Cd>PMNT</Cd><Fmly><Cd>ICDT</Cd><SubFmlyCd>DMCT</SubFmlyCd></Fmly></Domn></BkTxCd><NtryDtls><TxDtls><Refs><AcctSvcrRef>25-635059699-1</AcctSvcrRef><PmtInfId>25:635059699</PmtInfId><InstrId>20220802000800560349319</InstrId></Refs><Amt Ccy="CHF">30000.00</Amt><CdtDbtInd>DBIT</CdtDbtInd><BkTxCd><Domn><Cd>PMNT</Cd><Fmly><Cd>ICDT</Cd><SubFmlyCd>DMCT</SubFmlyCd></Fmly></Domn></BkTxCd><RltdPties><Cdtr><Nm>Godetra AG</Nm><PstlAdr><Ctry>CH</Ctry></PstlAdr></Cdtr><CdtrAcct><Id><IBAN>CH1504835030036301000</IBAN></Id></CdtrAcct></RltdPties><RltdAgts><CdtrAgt><FinInstnId><BICFI>CRESCHZZ80A</BICFI><Nm>Credit Suisse (Schweiz) AG</Nm><PstlAdr><Ctry>CH</Ctry><AdrLine>Paradeplatz 8</AdrLine><AdrLine>8070 Zürich</AdrLine></PstlAdr></FinInstnId></CdtrAgt></RltdAgts><RmtInf><Ustrd>Fulfillment Akonto</Ustrd><Strd><AddtlRmtInf>Fulfillment Akonto</AddtlRmtInf></Strd></RmtInf></TxDtls></NtryDtls><AddtlNtryInf>LASTSCHRIFT Credit Suisse (Schweiz) AG Paradeplatz 8 8070 Zürich CH1504835030036301000 Godetra AG SENDER REFERENZ: Fulfillment Akonto 20220802000800560349319</AddtlNtryInf></Ntry><Ntry><Amt Ccy="CHF">1320.80</Amt><CdtDbtInd>DBIT</CdtDbtInd><RvslInd>false</RvslInd><Sts>BOOK</Sts><BookgDt><Dt>2022-08-03</Dt></BookgDt><ValDt><Dt>2022-08-03</Dt></ValDt><AcctSvcrRef>2152200090WVQEBK</AcctSvcrRef><BkTxCd><Domn><Cd>PMNT</Cd><Fmly><Cd>ICDT</Cd><SubFmlyCd>DMCT</SubFmlyCd></Fmly></Domn></BkTxCd><NtryDtls><TxDtls><Refs><AcctSvcrRef>25-634929412-1</AcctSvcrRef><PmtInfId>25:634929412</PmtInfId><InstrId>20220802000800556889055</InstrId></Refs><Amt Ccy="CHF">1320.80</Amt><CdtDbtInd>DBIT</CdtDbtInd><BkTxCd><Domn><Cd>PMNT</Cd><Fmly><Cd>ICDT</Cd><SubFmlyCd>DMCT</SubFmlyCd></Fmly></Domn></BkTxCd><RltdPties><Cdtr><Nm>BonAssistus Pensionskasse Cl. 230</Nm><PstlAdr><Ctry>CH</Ctry><AdrLine>Industriestrasse 25 8604 Volketswil</AdrLine></PstlAdr></Cdtr><CdtrAcct><Id><IBAN>CH6100230230P02283160</IBAN></Id></CdtrAcct></RltdPties><RltdAgts><CdtrAgt><FinInstnId><BICFI>UBSWCHZH80A</BICFI><Nm>UBS Switzerland AG</Nm><PstlAdr><Ctry>CH</Ctry><AdrLine>Bahnhofstrasse 45</AdrLine><AdrLine>8098 Zürich</AdrLine></PstlAdr></FinInstnId></CdtrAgt></RltdAgts><RmtInf><Ustrd>Pensionskasse Juli 2022 eversmart p</Ustrd><Ustrd>roducts Handels GmbH</Ustrd><Strd><AddtlRmtInf>Pensionskassenbeiträge Juli 2022</AddtlRmtInf></Strd></RmtInf></TxDtls></NtryDtls><AddtlNtryInf>LASTSCHRIFT UBS Switzerland AG Bahnhofstrasse 45 8098 Zürich CH6100230230P02283160 BonAssistus Pensionskasse Cl. 230 Industriestrasse 25 8604 Volketswil SENDER REFERENZ: Pensionskassenbeiträge Juli 2022 20220802000800556889055</AddtlNtryInf></Ntry><Ntry><Amt Ccy="CHF">332.60</Amt><CdtDbtInd>DBIT</CdtDbtInd><RvslInd>false</RvslInd><Sts>BOOK</Sts><BookgDt><Dt>2022-08-03</Dt></BookgDt><ValDt><Dt>2022-08-03</Dt></ValDt><AcctSvcrRef>2152200090YPGXIK</AcctSvcrRef><BkTxCd><Domn><Cd>PMNT</Cd><Fmly><Cd>ICDT</Cd><SubFmlyCd>DMCT</SubFmlyCd></Fmly></Domn></BkTxCd><NtryDtls><TxDtls><Refs><AcctSvcrRef>25-635046719-1</AcctSvcrRef><PmtInfId>25:635046719</PmtInfId><InstrId>20220802000800559956256</InstrId></Refs><Amt Ccy="CHF">332.60</Amt><CdtDbtInd>DBIT</CdtDbtInd><BkTxCd><Domn><Cd>PMNT</Cd><Fmly><Cd>ICDT</Cd><SubFmlyCd>DMCT</SubFmlyCd></Fmly></Domn></BkTxCd><RltdPties><Cdtr><Nm>Anne Seifert</Nm><PstlAdr><Ctry>CH</Ctry></PstlAdr></Cdtr><CdtrAcct><Id><IBAN>CH7980808002675940301</IBAN></Id></CdtrAcct></RltdPties><RltdAgts><CdtrAgt><FinInstnId><BICFI>RAIFCH22XXX</BICFI><Nm>Raiffeisen</Nm><PstlAdr><Ctry>CH</Ctry><AdrLine>Raiffeisenplatz</AdrLine><AdrLine>9001 St. Gallen</AdrLine></PstlAdr></FinInstnId></CdtrAgt></RltdAgts><RmtInf><Ustrd>Doppelzahlung, Rückzahlung</Ustrd><Strd><AddtlRmtInf>RE-75776 - Anne Seifert</AddtlRmtInf></Strd></RmtInf></TxDtls></NtryDtls><AddtlNtryInf>LASTSCHRIFT Raiffeisen Raiffeisenplatz 9001 St. Gallen CH7980808002675940301 Anne Seifert SENDER REFERENZ: RE-75776 - Anne Seifert 20220802000800559956256</AddtlNtryInf></Ntry><Ntry><Amt Ccy="CHF">247.70</Amt><CdtDbtInd>DBIT</CdtDbtInd><RvslInd>false</RvslInd><Sts>BOOK</Sts><BookgDt><Dt>2022-08-03</Dt></BookgDt><ValDt><Dt>2022-08-03</Dt></ValDt><AcctSvcrRef>2152200090Y7JT2K</AcctSvcrRef><BkTxCd><Domn><Cd>PMNT</Cd><Fmly><Cd>ICDT</Cd><SubFmlyCd>DMCT</SubFmlyCd></Fmly></Domn></BkTxCd><NtryDtls><TxDtls><Refs><AcctSvcrRef>25-634936178-1</AcctSvcrRef><PmtInfId>25:634936178</PmtInfId><InstrId>20220802000800557089541</InstrId></Refs><Amt Ccy="CHF">247.70</Amt><CdtDbtInd>DBIT</CdtDbtInd><BkTxCd><Domn><Cd>PMNT</Cd><Fmly><Cd>ICDT</Cd><SubFmlyCd>DMCT</SubFmlyCd></Fmly></Domn></BkTxCd><RltdPties><Cdtr><Nm>Amt für Finanzen - Gemeinde Freienbach</Nm><PstlAdr><Ctry>CH</Ctry></PstlAdr></Cdtr><CdtrAcct><Id><IBAN>CH8830777001520130739</IBAN></Id></CdtrAcct></RltdPties><RltdAgts><CdtrAgt><FinInstnId><BICFI>KBSZCH22XXX</BICFI><Nm>Schwyzer Kantonalbank</Nm><PstlAdr><Ctry>CH</Ctry><AdrLine>Bahnhofstrasse 3 6431 Schwyz</AdrLine></PstlAdr></FinInstnId></CdtrAgt></RltdAgts><RmtInf><Strd><CdtrRefInf><Tp><CdOrPrtry><Prtry>QRR</Prtry></CdOrPrtry></Tp><Ref>759290114178272022001290109</Ref></CdtrRefInf><AddtlRmtInf>Ordentliche Staats- und Gemeindest.</AddtlRmtInf></Strd></RmtInf></TxDtls></NtryDtls><AddtlNtryInf>LASTSCHRIFT Schwyzer Kantonalbank Bahnhofstrasse 3 6431 Schwyz CH8830777001520130739 Amt für Finanzen - Gemeinde Freienb ach SENDER REFERENZ: Ordentliche Staats- und Gemeindest. 20220802000800557089541</AddtlNtryInf></Ntry><Ntry><Amt Ccy="CHF">1327.00</Amt><CdtDbtInd>CRDT</CdtDbtInd><RvslInd>false</RvslInd><Sts>BOOK</Sts><BookgDt><Dt>2022-08-03</Dt></BookgDt><ValDt><Dt>2022-08-03</Dt></ValDt><AcctSvcrRef>21522010914192WK</AcctSvcrRef><BkTxCd><Domn><Cd>PMNT</Cd><Fmly><Cd>RCDT</Cd><SubFmlyCd>ATXN</SubFmlyCd></Fmly></Domn></BkTxCd><NtryDtls><Btch><NbOfTxs>1</NbOfTxs></Btch><TxDtls><Refs><AcctSvcrRef>220803CH0914192W</AcctSvcrRef><InstrId>1103841451/1XXXX</InstrId><EndToEndId>NOTPROVIDED</EndToEndId><Prtry><Tp>00</Tp><Ref>220803CH0914192W</Ref></Prtry></Refs><Amt Ccy="CHF">1327.00</Amt><CdtDbtInd>CRDT</CdtDbtInd><BkTxCd><Domn><Cd>PMNT</Cd><Fmly><Cd>RCDT</Cd><SubFmlyCd>ATXN</SubFmlyCd></Fmly></Domn></BkTxCd><RltdPties><Dbtr><Nm>Sonja Held</Nm><PstlAdr><AdrLine>Wolfbachblick 4</AdrLine><AdrLine>CH-4665 Oftringen</AdrLine></PstlAdr></Dbtr><DbtrAcct><Id><IBAN>CH4100761016120905669</IBAN></Id></DbtrAcct><CdtrAcct><Id><IBAN>CH9209000000414939852</IBAN></Id></CdtrAcct></RltdPties><RltdAgts><DbtrAgt><FinInstnId><ClrSysMmbId><MmbId>761</MmbId></ClrSysMmbId><Nm>Aargauische Kantonalbank</Nm><PstlAdr><AdrLine>Bahnhofplatz 1</AdrLine><AdrLine>5001 Aarau</AdrLine></PstlAdr></FinInstnId></DbtrAgt></RltdAgts><RmtInf><Ustrd>RE-89427</Ustrd><Strd><AddtlRmtInf>?REJECT?0</AddtlRmtInf><AddtlRmtInf>?ERROR?000</AddtlRmtInf></Strd></RmtInf><RltdDts><AccptncDtTm>2022-08-03T20:00:00</AccptncDtTm></RltdDts></TxDtls></NtryDtls><AddtlNtryInf>GUTSCHRIFT AUFTRAGGEBER: Sonja Held Wolfbachblick 4 CH-4665 Oftringen MITTEILUNGEN: RE-89427 REFERENZEN: NOTPROVIDED 1103841451/1XXXX 220803CH0914192W</AddtlNtryInf></Ntry><Ntry><Amt Ccy="CHF">59.90</Amt><CdtDbtInd>CRDT</CdtDbtInd><RvslInd>false</RvslInd><Sts>BOOK</Sts><BookgDt><Dt>2022-08-03</Dt></BookgDt><ValDt><Dt>2022-08-03</Dt></ValDt><AcctSvcrRef>2152201091448KTK</AcctSvcrRef><BkTxCd><Domn><Cd>PMNT</Cd><Fmly><Cd>RCDT</Cd><SubFmlyCd>ATXN</SubFmlyCd></Fmly></Domn></BkTxCd><NtryDtls><Btch><NbOfTxs>1</NbOfTxs></Btch><TxDtls><Refs><AcctSvcrRef>220803CH091448KT</AcctSvcrRef><InstrId>9930200TI4369426</InstrId><EndToEndId>NOTPROVIDED</EndToEndId><Prtry><Tp>00</Tp><Ref>220803CH091448KT</Ref></Prtry></Refs><Amt Ccy="CHF">59.90</Amt><CdtDbtInd>CRDT</CdtDbtInd><BkTxCd><Domn><Cd>PMNT</Cd><Fmly><Cd>RCDT</Cd><SubFmlyCd>ATXN</SubFmlyCd></Fmly></Domn></BkTxCd><RltdPties><Dbtr><Nm>EBRU SGOUROS U/O</Nm><PstlAdr><AdrLine>HERR ALEXANDER SGOUROS FOERRLIBUCKS</AdrLine><AdrLine>TRASSE 227 CH 8005 ZUERICH</AdrLine></PstlAdr></Dbtr><DbtrAcct><Id><IBAN>CH620023023066977340T</IBAN></Id></DbtrAcct><CdtrAcct><Id><IBAN>CH9209000000414939852</IBAN></Id></CdtrAcct></RltdPties><RltdAgts><DbtrAgt><FinInstnId><ClrSysMmbId><MmbId>230</MmbId></ClrSysMmbId><Nm>UBS Switzerland AG</Nm><PstlAdr><AdrLine>Bahnhofstrasse 45</AdrLine><AdrLine>8098 Zürich</AdrLine></PstlAdr></FinInstnId></DbtrAgt></RltdAgts><RmtInf><Ustrd>RE-90081 </Ustrd><Strd><AddtlRmtInf>?REJECT?0</AddtlRmtInf><AddtlRmtInf>?ERROR?000</AddtlRmtInf></Strd></RmtInf><RltdDts><AccptncDtTm>2022-08-03T20:00:00</AccptncDtTm></RltdDts></TxDtls></NtryDtls><AddtlNtryInf>GUTSCHRIFT AUFTRAGGEBER: EBRU SGOUROS U/O HERR ALEXANDER SGOUROS FOERRLIBUCKS TRASSE 227 CH 8005 ZUERICH MITTEILUNGEN: RE-90081  SPESENBETRAG 0.00 CHF SHA REFERENZEN: NOTPROVIDED 9930200TI4369426 220803CH091448KT</AddtlNtryInf></Ntry><Ntry><Amt Ccy="CHF">961.33</Amt><CdtDbtInd>CRDT</CdtDbtInd><RvslInd>false</RvslInd><Sts>BOOK</Sts><BookgDt><Dt>2022-08-03</Dt></BookgDt><ValDt><Dt>2022-08-03</Dt></ValDt><AcctSvcrRef>2152200090PXJ4EK</AcctSvcrRef><BkTxCd><Domn><Cd>PMNT</Cd><Fmly><Cd>RCDT</Cd><SubFmlyCd>AUTT</SubFmlyCd></Fmly></Domn></BkTxCd><NtryDtls><Btch><NbOfTxs>1</NbOfTxs></Btch><TxDtls><Refs><MsgId>TWINT20220730-101-Merchant</MsgId><AcctSvcrRef>220731CH090PXJ4E</AcctSvcrRef><PmtInfId>TWINT20220730-101-Merchant-B1</PmtInfId><InstrId>839a3cfe55aa440db09c8c815a3a73cb</InstrId><EndToEndId>TWINT20220730-101-Merchant-B1</EndToEndId><Prtry><Tp>00</Tp><Ref>220731CH090PXJ4E</Ref></Prtry></Refs><Amt Ccy="CHF">961.33</Amt><CdtDbtInd>CRDT</CdtDbtInd><BkTxCd><Domn><Cd>PMNT</Cd><Fmly><Cd>RCDT</Cd><SubFmlyCd>AUTT</SubFmlyCd></Fmly></Domn></BkTxCd><RltdPties><Dbtr><Nm>TWINT Acquiring AG</Nm><PstlAdr><StrtNm>Stauffacherstrasse</StrtNm><BldgNb>41</BldgNb><PstCd>8004</PstCd><TwnNm>Zürich</TwnNm><Ctry>CH</Ctry></PstlAdr></Dbtr><DbtrAcct><Id><IBAN>CH6609000000313087410</IBAN></Id></DbtrAcct><CdtrAcct><Id><IBAN>CH9209000000414939852</IBAN></Id></CdtrAcct></RltdPties><RltdAgts><DbtrAgt><FinInstnId><BICFI>POFICHBEXXX</BICFI><Nm>POSTFINANCE AG</Nm><PstlAdr><AdrLine>MINGERSTRASSE , 20</AdrLine><AdrLine>3030 BERN</AdrLine></PstlAdr></FinInstnId></DbtrAgt></RltdAgts><RmtInf><Ustrd>999999 TWINT TWINT Auszahlungen Pay</Ustrd><Ustrd>out 20220731                       </Ustrd><Ustrd>   Gross: 974.00 Fees: -12.67</Ustrd><Strd><AddtlRmtInf>?REJECT?0</AddtlRmtInf><AddtlRmtInf>?ERROR?000</AddtlRmtInf></Strd></RmtInf><RltdDts><AccptncDtTm>2022-08-02T20:00:00</AccptncDtTm></RltdDts></TxDtls></NtryDtls><AddtlNtryInf>GUTSCHRIFT CH6609000000313087410 ABSENDER: TWINT Acquiring AG Stauffacherstrasse 41 8004 Zürich MITTEILUNGEN: 999999 TWINT TWINT Auszahlungen Pay out 20220731                           Gross: 974.00 Fees: -12.67 REFERENZEN: TWINT20220730-101-Merchant-B1</AddtlNtryInf></Ntry><Ntry><Amt Ccy="CHF">2163.49</Amt><CdtDbtInd>CRDT</CdtDbtInd><RvslInd>false</RvslInd><Sts>BOOK</Sts><BookgDt><Dt>2022-08-03</Dt></BookgDt><ValDt><Dt>2022-08-03</Dt></ValDt><AcctSvcrRef>2152200090OI84AK</AcctSvcrRef><BkTxCd><Domn><Cd>PMNT</Cd><Fmly><Cd>RCDT</Cd><SubFmlyCd>AUTT</SubFmlyCd></Fmly></Domn></BkTxCd><NtryDtls><Btch><NbOfTxs>1</NbOfTxs></Btch><TxDtls><Refs><MsgId>TWINT20220729-101-Merchant</MsgId><AcctSvcrRef>220730CH090OI84A</AcctSvcrRef><PmtInfId>TWINT20220729-101-Merchant-B1</PmtInfId><InstrId>e84e471d01ca4203ac98bfaa8d41d976</InstrId><EndToEndId>TWINT20220729-101-Merchant-B1</EndToEndId><Prtry><Tp>00</Tp><Ref>220730CH090OI84A</Ref></Prtry></Refs><Amt Ccy="CHF">2163.49</Amt><CdtDbtInd>CRDT</CdtDbtInd><BkTxCd><Domn><Cd>PMNT</Cd><Fmly><Cd>RCDT</Cd><SubFmlyCd>AUTT</SubFmlyCd></Fmly></Domn></BkTxCd><RltdPties><Dbtr><Nm>TWINT Acquiring AG</Nm><PstlAdr><StrtNm>Stauffacherstrasse</StrtNm><BldgNb>41</BldgNb><PstCd>8004</PstCd><TwnNm>Zürich</TwnNm><Ctry>CH</Ctry></PstlAdr></Dbtr><DbtrAcct><Id><IBAN>CH6609000000313087410</IBAN></Id></DbtrAcct><CdtrAcct><Id><IBAN>CH9209000000414939852</IBAN></Id></CdtrAcct></RltdPties><RltdAgts><DbtrAgt><FinInstnId><BICFI>POFICHBEXXX</BICFI><Nm>POSTFINANCE AG</Nm><PstlAdr><AdrLine>MINGERSTRASSE , 20</AdrLine><AdrLine>3030 BERN</AdrLine></PstlAdr></FinInstnId></DbtrAgt></RltdAgts><RmtInf><Ustrd>999999 TWINT TWINT Auszahlungen Pay</Ustrd><Ustrd>out 20220730                       </Ustrd><Ustrd>   Gross: 2192.00 Fees: -28.51</Ustrd><Strd><AddtlRmtInf>?REJECT?0</AddtlRmtInf><AddtlRmtInf>?ERROR?000</AddtlRmtInf></Strd></RmtInf><RltdDts><AccptncDtTm>2022-08-02T20:00:00</AccptncDtTm></RltdDts></TxDtls></NtryDtls><AddtlNtryInf>GUTSCHRIFT CH6609000000313087410 ABSENDER: TWINT Acquiring AG Stauffacherstrasse 41 8004 Zürich MITTEILUNGEN: 999999 TWINT TWINT Auszahlungen Pay out 20220730                           Gross: 2192.00 Fees: -28.51 REFERENZEN: TWINT20220729-101-Merchant-B1</AddtlNtryInf></Ntry><Ntry><Amt Ccy="CHF">1107.00</Amt><CdtDbtInd>CRDT</CdtDbtInd><RvslInd>false</RvslInd><Sts>BOOK</Sts><BookgDt><Dt>2022-08-03</Dt></BookgDt><ValDt><Dt>2022-08-03</Dt></ValDt><AcctSvcrRef>21522010914A8LHK</AcctSvcrRef><BkTxCd><Domn><Cd>PMNT</Cd><Fmly><Cd>RCDT</Cd><SubFmlyCd>ATXN</SubFmlyCd></Fmly></Domn></BkTxCd><NtryDtls><Btch><NbOfTxs>1</NbOfTxs></Btch><TxDtls><Refs><AcctSvcrRef>220803CH0914A8LH</AcctSvcrRef><InstrId>9948214TO2433400</InstrId><EndToEndId>NOTPROVIDED</EndToEndId><Prtry><Tp>00</Tp><Ref>220803CH0914A8LH</Ref></Prtry></Refs><Amt Ccy="CHF">1107.00</Amt><CdtDbtInd>CRDT</CdtDbtInd><BkTxCd><Domn><Cd>PMNT</Cd><Fmly><Cd>RCDT</Cd><SubFmlyCd>ATXN</SubFmlyCd></Fmly></Domn></BkTxCd><RltdPties><Dbtr><Nm>MAX NIKLAS JULIUS HECKMANN U/O</Nm><PstlAdr><AdrLine>FRAU ALICIA BUZNEGO BAUER AM MATTEN</AdrLine><AdrLine>HOF 2D / 401 CH 6010 KRIENS</AdrLine></PstlAdr></Dbtr><DbtrAcct><Id><IBAN>CH550024824818472340Z</IBAN></Id></DbtrAcct><CdtrAcct><Id><IBAN>CH9209000000414939852</IBAN></Id></CdtrAcct></RltdPties><RltdAgts><DbtrAgt><FinInstnId><ClrSysMmbId><MmbId>248</MmbId></ClrSysMmbId><Nm>UBS Switzerland AG</Nm><PstlAdr><AdrLine>Bahnhofplatz 2</AdrLine><AdrLine>6002 Luzern</AdrLine></PstlAdr></FinInstnId></DbtrAgt></RltdAgts><RmtInf><Ustrd>BESTELLUNG 9425 MAX HECKMANN </Ustrd><Strd><AddtlRmtInf>?REJECT?0</AddtlRmtInf><AddtlRmtInf>?ERROR?000</AddtlRmtInf></Strd></RmtInf><RltdDts><AccptncDtTm>2022-08-03T20:00:00</AccptncDtTm></RltdDts></TxDtls></NtryDtls><AddtlNtryInf>GUTSCHRIFT AUFTRAGGEBER: MAX NIKLAS JULIUS HECKMANN U/O FRAU ALICIA BUZNEGO BAUER AM MATTEN HOF 2D / 401 CH 6010 KRIENS MITTEILUNGEN: BESTELLUNG 9425 MAX HECKMANN  SPESENBETRAG 0.00 CHF SHA REFERENZEN: NOTPROVIDED 9948214TO2433400 220803CH0914A8LH</AddtlNtryInf></Ntry><Ntry><Amt Ccy="CHF">57.86</Amt><CdtDbtInd>CRDT</CdtDbtInd><RvslInd>false</RvslInd><Sts>BOOK</Sts><BookgDt><Dt>2022-08-03</Dt></BookgDt><ValDt><Dt>2022-08-03</Dt></ValDt><AcctSvcrRef>21522010915J9I8K</AcctSvcrRef><BkTxCd><Domn><Cd>PMNT</Cd><Fmly><Cd>RCDT</Cd><SubFmlyCd>ATXN</SubFmlyCd></Fmly></Domn></BkTxCd><NtryDtls><Btch><NbOfTxs>1</NbOfTxs></Btch><TxDtls><Refs><AcctSvcrRef>220803CH0915J9I8</AcctSvcrRef><InstrId>LON03240360187</InstrId><EndToEndId>NOTPROVIDED</EndToEndId><Prtry><Tp>00</Tp><Ref>220803CH0915J9I8</Ref></Prtry></Refs><Amt Ccy="CHF">57.86</Amt><CdtDbtInd>CRDT</CdtDbtInd><BkTxCd><Domn><Cd>PMNT</Cd><Fmly><Cd>RCDT</Cd><SubFmlyCd>ATXN</SubFmlyCd></Fmly></Domn></BkTxCd><RltdPties><Dbtr><Nm>STRIPE PAYMENTS UK LTD</Nm><PstlAdr><AdrLine>9TH FLOOR, 107 CHEAPSIDE GB - LONDO</AdrLine><AdrLine>N EC2V 6DN</AdrLine></PstlAdr></Dbtr><DbtrAcct><Id><IBAN>DK6289000000010375</IBAN></Id></DbtrAcct><CdtrAcct><Id><IBAN>CH9209000000414939852</IBAN></Id></CdtrAcct></RltdPties><RltdAgts><DbtrAgt><FinInstnId><BICFI>CITIGB2LXXX</BICFI><Nm>CITIBANK N.A.</Nm><PstlAdr><AdrLine>CITIBANK CENTRE25 CANADA SQUARE</AdrLine><AdrLine>E14 5LB LONDON</AdrLine></PstlAdr></FinInstnId></DbtrAgt></RltdAgts><RmtInf><Ustrd>STRIPE J4U5W6</Ustrd><Strd><AddtlRmtInf>?REJECT?0</AddtlRmtInf><AddtlRmtInf>?ERROR?000</AddtlRmtInf></Strd></RmtInf><RltdDts><AccptncDtTm>2022-08-03T20:00:00</AccptncDtTm></RltdDts></TxDtls></NtryDtls><AddtlNtryInf>GUTSCHRIFT AUFTRAGGEBER: STRIPE PAYMENTS UK LTD 9TH FLOOR, 107 CHEAPSIDE GB - LONDO N EC2V 6DN MITTEILUNGEN: STRIPE J4U5W6 SPESENBETRAG 0.00 CHF SHA REFERENZEN: NOTPROVIDED LON03240360187 220803CH0915J9I8</AddtlNtryInf></Ntry><Ntry><Amt Ccy="CHF">2200.90</Amt><CdtDbtInd>CRDT</CdtDbtInd><RvslInd>false</RvslInd><Sts>BOOK</Sts><BookgDt><Dt>2022-08-03</Dt></BookgDt><ValDt><Dt>2022-08-03</Dt></ValDt><AcctSvcrRef>2152200090QYJUUK</AcctSvcrRef><BkTxCd><Domn><Cd>PMNT</Cd><Fmly><Cd>RCDT</Cd><SubFmlyCd>AUTT</SubFmlyCd></Fmly></Domn></BkTxCd><NtryDtls><Btch><NbOfTxs>1</NbOfTxs></Btch><TxDtls><Refs><MsgId>TWINT20220731-101-Merchant</MsgId><AcctSvcrRef>220801CH090QYJUU</AcctSvcrRef><PmtInfId>TWINT20220731-101-Merchant-B1</PmtInfId><InstrId>fa0df520b46e40a6b2e7a35a72b4ce94</InstrId><EndToEndId>TWINT20220731-101-Merchant-B1</EndToEndId><Prtry><Tp>00</Tp><Ref>220801CH090QYJUU</Ref></Prtry></Refs><Amt Ccy="CHF">2200.90</Amt><CdtDbtInd>CRDT</CdtDbtInd><BkTxCd><Domn><Cd>PMNT</Cd><Fmly><Cd>RCDT</Cd><SubFmlyCd>AUTT</SubFmlyCd></Fmly></Domn></BkTxCd><RltdPties><Dbtr><Nm>TWINT Acquiring AG</Nm><PstlAdr><StrtNm>Stauffacherstrasse</StrtNm><BldgNb>41</BldgNb><PstCd>8004</PstCd><TwnNm>Zürich</TwnNm><Ctry>CH</Ctry></PstlAdr></Dbtr><DbtrAcct><Id><IBAN>CH6609000000313087410</IBAN></Id></DbtrAcct><CdtrAcct><Id><IBAN>CH9209000000414939852</IBAN></Id></CdtrAcct></RltdPties><RltdAgts><DbtrAgt><FinInstnId><BICFI>POFICHBEXXX</BICFI><Nm>POSTFINANCE AG</Nm><PstlAdr><AdrLine>MINGERSTRASSE , 20</AdrLine><AdrLine>3030 BERN</AdrLine></PstlAdr></FinInstnId></DbtrAgt></RltdAgts><RmtInf><Ustrd>999999 TWINT TWINT Auszahlungen Pay</Ustrd><Ustrd>out 20220801                       </Ustrd><Ustrd>   Gross: 2229.90 Fees: -29.00</Ustrd><Strd><AddtlRmtInf>?REJECT?0</AddtlRmtInf><AddtlRmtInf>?ERROR?000</AddtlRmtInf></Strd></RmtInf><RltdDts><AccptncDtTm>2022-08-02T20:00:00</AccptncDtTm></RltdDts></TxDtls></NtryDtls><AddtlNtryInf>GUTSCHRIFT CH6609000000313087410 ABSENDER: TWINT Acquiring AG Stauffacherstrasse 41 8004 Zürich MITTEILUNGEN: 999999 TWINT TWINT Auszahlungen Pay out 20220801                           Gross: 2229.90 Fees: -29.00 REFERENZEN: TWINT20220731-101-Merchant-B1</AddtlNtryInf></Ntry><Ntry><Amt Ccy="CHF">2479.23</Amt><CdtDbtInd>CRDT</CdtDbtInd><RvslInd>false</RvslInd><Sts>BOOK</Sts><BookgDt><Dt>2022-08-03</Dt></BookgDt><ValDt><Dt>2022-08-03</Dt></ValDt><AcctSvcrRef>2152200090V498KK</AcctSvcrRef><BkTxCd><Domn><Cd>PMNT</Cd><Fmly><Cd>RCDT</Cd><SubFmlyCd>AUTT</SubFmlyCd></Fmly></Domn></BkTxCd><NtryDtls><Btch><NbOfTxs>1</NbOfTxs></Btch><TxDtls><Refs><MsgId>TWINT20220801-101-Merchant</MsgId><AcctSvcrRef>220802CH090V498K</AcctSvcrRef><PmtInfId>TWINT20220801-101-Merchant-B1</PmtInfId><InstrId>5b591d6e173e440fa12075bead56d21e</InstrId><EndToEndId>TWINT20220801-101-Merchant-B1</EndToEndId><Prtry><Tp>00</Tp><Ref>220802CH090V498K</Ref></Prtry></Refs><Amt Ccy="CHF">2479.23</Amt><CdtDbtInd>CRDT</CdtDbtInd><BkTxCd><Domn><Cd>PMNT</Cd><Fmly><Cd>RCDT</Cd><SubFmlyCd>AUTT</SubFmlyCd></Fmly></Domn></BkTxCd><RltdPties><Dbtr><Nm>TWINT Acquiring AG</Nm><PstlAdr><StrtNm>Stauffacherstrasse</StrtNm><BldgNb>41</BldgNb><PstCd>8004</PstCd><TwnNm>Zürich</TwnNm><Ctry>CH</Ctry></PstlAdr></Dbtr><DbtrAcct><Id><IBAN>CH6609000000313087410</IBAN></Id></DbtrAcct><CdtrAcct><Id><IBAN>CH9209000000414939852</IBAN></Id></CdtrAcct></RltdPties><RltdAgts><DbtrAgt><FinInstnId><BICFI>POFICHBEXXX</BICFI><Nm>POSTFINANCE AG</Nm><PstlAdr><AdrLine>MINGERSTRASSE , 20</AdrLine><AdrLine>3030 BERN</AdrLine></PstlAdr></FinInstnId></DbtrAgt></RltdAgts><RmtInf><Ustrd>999999 TWINT TWINT Auszahlungen Pay</Ustrd><Ustrd>out 20220802                       </Ustrd><Ustrd>   Gross: 2511.90 Fees: -32.67</Ustrd><Strd><AddtlRmtInf>?REJECT?0</AddtlRmtInf><AddtlRmtInf>?ERROR?000</AddtlRmtInf></Strd></RmtInf><RltdDts><AccptncDtTm>2022-08-03T20:00:00</AccptncDtTm></RltdDts></TxDtls></NtryDtls><AddtlNtryInf>GUTSCHRIFT CH6609000000313087410 ABSENDER: TWINT Acquiring AG Stauffacherstrasse 41 8004 Zürich MITTEILUNGEN: 999999 TWINT TWINT Auszahlungen Pay out 20220802                           Gross: 2511.90 Fees: -32.67 REFERENZEN: TWINT20220801-101-Merchant-B1</AddtlNtryInf></Ntry><Ntry><NtryRef>CH4330000001414939852</NtryRef><Amt Ccy="CHF">2131.00</Amt><CdtDbtInd>CRDT</CdtDbtInd><RvslInd>false</RvslInd><Sts>BOOK</Sts><BookgDt><Dt>2022-08-03</Dt></BookgDt><ValDt><Dt>2022-08-03</Dt></ValDt><AcctSvcrRef>21522000919V8R1U</AcctSvcrRef><BkTxCd><Domn><Cd>PMNT</Cd><Fmly><Cd>RCDT</Cd><SubFmlyCd>VCOM</SubFmlyCd></Fmly></Domn></BkTxCd><Chrgs><TtlChrgsAndTaxAmt Ccy="CHF">1.20</TtlChrgsAndTaxAmt><Rcrd><Amt Ccy="CHF">1.20</Amt><CdtDbtInd>DBIT</CdtDbtInd><ChrgInclInd>false</ChrgInclInd><Tp><Prtry><Id>2</Id></Prtry></Tp></Rcrd></Chrgs><NtryDtls><TxDtls><Refs><AcctSvcrRef>21522000919V8R1U</AcctSvcrRef></Refs><Amt Ccy="CHF">2131.00</Amt><CdtDbtInd>CRDT</CdtDbtInd></TxDtls></NtryDtls><AddtlNtryInf>SAMMELGUTSCHRIFT FÜR KONTO: CH4330000001414939852 VERARBEITUNG VOM 03.08.2022 PAKET ID: 220803CH000008D7</AddtlNtryInf></Ntry><Ntry><Amt Ccy="CHF">119.90</Amt><CdtDbtInd>CRDT</CdtDbtInd><RvslInd>false</RvslInd><Sts>BOOK</Sts><BookgDt><Dt>2022-08-03</Dt></BookgDt><ValDt><Dt>2022-08-03</Dt></ValDt><AcctSvcrRef>2152400155806047</AcctSvcrRef><BkTxCd><Domn><Cd>PMNT</Cd><Fmly><Cd>MCRD</Cd><SubFmlyCd>POSP</SubFmlyCd></Fmly></Domn></BkTxCd><NtryDtls><TxDtls><Refs><AcctSvcrRef>2152400155806047</AcctSvcrRef></Refs><Amt Ccy="CHF">119.90</Amt><CdtDbtInd>CRDT</CdtDbtInd></TxDtls></NtryDtls><AddtlNtryInf>GUTSCHRIFT E-PAYMENT-TRANSAKTIONEN POSTFINANCE E-FINANCE EINLIEFERUNG VOM 02.08.2022 eversmart products Handels GmbH PFAQ08UJ0000001 www.bruxima.ch</AddtlNtryInf></Ntry><Ntry><Amt Ccy="CHF">1028.00</Amt><CdtDbtInd>CRDT</CdtDbtInd><RvslInd>false</RvslInd><Sts>BOOK</Sts><BookgDt><Dt>2022-08-03</Dt></BookgDt><ValDt><Dt>2022-08-03</Dt></ValDt><AcctSvcrRef>2152400155806115</AcctSvcrRef><BkTxCd><Domn><Cd>PMNT</Cd><Fmly><Cd>MCRD</Cd><SubFmlyCd>POSP</SubFmlyCd></Fmly></Domn></BkTxCd><NtryDtls><TxDtls><Refs><AcctSvcrRef>2152400155806115</AcctSvcrRef></Refs><Amt Ccy="CHF">1028.00</Amt><CdtDbtInd>CRDT</CdtDbtInd></TxDtls></NtryDtls><AddtlNtryInf>GUTSCHRIFT E-PAYMENT-TRANSAKTIONEN POSTFINANCE CARD EINLIEFERUNG VOM 02.08.2022 eversmart products Handels GmbH PFAQ08TC0000001 www.mein-stehtisch.ch</AddtlNtryInf></Ntry></Stmt></BkToCstmrStmt></Document>
