<?xml version="1.0" encoding="UTF-8"?>
<Document xmlns="urn:iso:std:iso:20022:tech:xsd:camt.053.001.04" xmlns:xsi="http://www.w3.org/2001/XMLSchema-instance" xsi:schemaLocation="urn:iso:std:iso:20022:tech:xsd:camt.053.001.04 camt.053.001.04.xsd"><BkToCstmrStmt><GrpHdr><MsgId>20220907375204922979900</MsgId><CreDtTm>2022-09-08T01:37:51</CreDtTm><MsgPgntn><PgNb>1</PgNb><LastPgInd>true</LastPgInd></MsgPgntn><AddtlInf>SPS/1.7/PROD</AddtlInf></GrpHdr><Stmt><Id>20220907375204922979936</Id><ElctrncSeqNb>175</ElctrncSeqNb><CreDtTm>2022-09-08T01:37:51</CreDtTm><FrToDt><FrDtTm>2022-09-07T00:00:00</FrDtTm><ToDtTm>2022-09-07T23:59:59</ToDtTm></FrToDt><Acct><Id><IBAN>CH9209000000414939852</IBAN></Id><Ownr><Nm>eversmart products Handels GmbH Pfäffikon SZ</Nm></Ownr></Acct><Bal><Tp><CdOrPrtry><Cd>OPBD</Cd></CdOrPrtry></Tp><Amt Ccy="CHF">66055.90</Amt><CdtDbtInd>CRDT</CdtDbtInd><Dt><Dt>2022-09-07</Dt></Dt></Bal><Bal><Tp><CdOrPrtry><Cd>CLBD</Cd></CdOrPrtry></Tp><Amt Ccy="CHF">77683.53</Amt><CdtDbtInd>CRDT</CdtDbtInd><Dt><Dt>2022-09-07</Dt></Dt></Bal><Bal><Tp><CdOrPrtry><Cd>CLAV</Cd></CdOrPrtry></Tp><Amt Ccy="CHF">77683.53</Amt><CdtDbtInd>CRDT</CdtDbtInd><Dt><Dt>2022-09-07</Dt></Dt></Bal><Ntry><Amt Ccy="CHF">7892.80</Amt><CdtDbtInd>DBIT</CdtDbtInd><RvslInd>false</RvslInd><Sts>BOOK</Sts><BookgDt><Dt>2022-09-07</Dt></BookgDt><ValDt><Dt>2022-09-07</Dt></ValDt><AcctSvcrRef>2502200096B8RQBK</AcctSvcrRef><BkTxCd><Domn><Cd>PMNT</Cd><Fmly><Cd>ICDT</Cd><SubFmlyCd>ESCT</SubFmlyCd></Fmly></Domn></BkTxCd><NtryDtls><TxDtls><Refs><AcctSvcrRef>25-655346126-1</AcctSvcrRef><PmtInfId>25:655346126</PmtInfId><InstrId>20220906000800137458597</InstrId></Refs><Amt Ccy="CHF">7892.80</Amt><CdtDbtInd>DBIT</CdtDbtInd><AmtDtls><InstdAmt><Amt Ccy="EUR">8000.00</Amt><CcyXchg><SrcCcy>EUR</SrcCcy><XchgRate>0.9866</XchgRate></CcyXchg></InstdAmt></AmtDtls><BkTxCd><Domn><Cd>PMNT</Cd><Fmly><Cd>ICDT</Cd><SubFmlyCd>ESCT</SubFmlyCd></Fmly></Domn></BkTxCd><RltdPties><Cdtr><Nm>eversmart GmbH</Nm><PstlAdr><StrtNm>Schindellegistrasse</StrtNm><BldgNb>65</BldgNb><PstCd>8808</PstCd><TwnNm>Pfäffikon</TwnNm><Ctry>DE</Ctry></PstlAdr></Cdtr><CdtrAcct><Id><IBAN>DE08684922000002221748</IBAN></Id></CdtrAcct></RltdPties><RltdAgts><CdtrAgt><FinInstnId><BICFI>GENODE61WT1</BICFI><Nm>VOLKSBANK HOCHRHEIN EG</Nm><PstlAdr><Ctry>DE</Ctry><AdrLine>BISMARCKSTRASSE 29 79761 WALDSHUT-TIENGEN</AdrLine></PstlAdr></FinInstnId></CdtrAgt></RltdAgts><RmtInf><Ustrd>Übertrag auf Volksbank Eurokonto</Ustrd><Strd><AddtlRmtInf>Übertrag auf Volksbank</AddtlRmtInf></Strd></RmtInf></TxDtls></NtryDtls><AddtlNtryInf>GIRO INTERNATIONAL (SEPA) EUR 8'000.00 ZUM KURS VON 0.9866 VOLKSBANK HOCHRHEIN EG BISMARCKSTRASSE 29 79761 WALDSHUT-TIENGEN DE08684922000002221748 EVERSMART GMBH SCHINDELLEGISTRASSE 65 8808 PFÄFFIKON SENDER REFERENZ: ÜBERTRAG AUF VOLKSBANK 20220906000800137458597</AddtlNtryInf></Ntry><Ntry><Amt Ccy="CHF">670.38</Amt><CdtDbtInd>DBIT</CdtDbtInd><RvslInd>false</RvslInd><Sts>BOOK</Sts><BookgDt><Dt>2022-09-07</Dt></BookgDt><ValDt><Dt>2022-09-07</Dt></ValDt><AcctSvcrRef>25022000968SMFVK</AcctSvcrRef><BkTxCd><Domn><Cd>PMNT</Cd><Fmly><Cd>ICDT</Cd><SubFmlyCd>XBCT</SubFmlyCd></Fmly></Domn></BkTxCd><NtryDtls><TxDtls><Refs><AcctSvcrRef>25-655338620-1</AcctSvcrRef><PmtInfId>25:655338620</PmtInfId><InstrId>20220906000800137227301</InstrId></Refs><Amt Ccy="CHF">670.38</Amt><CdtDbtInd>DBIT</CdtDbtInd><AmtDtls><InstdAmt><Amt Ccy="USD">671.99</Amt><CcyXchg><SrcCcy>USD</SrcCcy><XchgRate>0.9976</XchgRate></CcyXchg></InstdAmt></AmtDtls><BkTxCd><Domn><Cd>PMNT</Cd><Fmly><Cd>ICDT</Cd><SubFmlyCd>XBCT</SubFmlyCd></Fmly></Domn></BkTxCd><RltdPties><Cdtr><Nm>Foshan Nuoyilaier Furniture Co., Ltd.</Nm><PstlAdr><StrtNm>rue du Laboratoire</StrtNm><BldgNb>9</BldgNb><PstCd>1911</PstCd><TwnNm>Luxembourg</TwnNm><Ctry>LU</Ctry></PstlAdr></Cdtr><CdtrAcct><Id><IBAN>LU520670004237534085</IBAN></Id></CdtrAcct></RltdPties><RltdAgts><CdtrAgt><FinInstnId><BICFI>CHASLULXXXX</BICFI><Nm>J.P. MORGAN SE - LUXEMBOURG BRANCH</Nm><PstlAdr><Ctry>LU</Ctry><AdrLine>6 ROUTE DE TREVES L-2663 SENNINGERBERG</AdrLine></PstlAdr></FinInstnId></CdtrAgt></RltdAgts><RmtInf><Ustrd>150906334001022575</Ustrd><Strd><AddtlRmtInf>3/3 Stühle Alibaba 1 Zhlg am 13.07</AddtlRmtInf></Strd></RmtInf></TxDtls></NtryDtls><AddtlNtryInf>GIRO INTERNATIONAL USD 671.99 ZUM KURS VON 0.9976 J.P. MORGAN SE - LUXEMBOURG BRANCH 6 ROUTE DE TREVES L-2663 SENNINGERBERG LU520670004237534085 FOSHAN NUOYILAIER FURNITURE CO., LT D. RUE DU LABORATOIRE 9 1911 LUXEMBOURG SENDER REFERENZ: 3/3 STÜHLE ALIBABA 1 ZHLG AM 13.07 20220906000800137227301</AddtlNtryInf></Ntry><Ntry><NtryRef>CH9209000000414939852</NtryRef><Amt Ccy="CHF">59.90</Amt><CdtDbtInd>CRDT</CdtDbtInd><RvslInd>false</RvslInd><Sts>BOOK</Sts><BookgDt><Dt>2022-09-07</Dt></BookgDt><ValDt><Dt>2022-09-07</Dt></ValDt><AcctSvcrRef>2502201096DLQUXK</AcctSvcrRef><BkTxCd><Domn><Cd>PMNT</Cd><Fmly><Cd>RCDT</Cd><SubFmlyCd>ATXN</SubFmlyCd></Fmly></Domn></BkTxCd><NtryDtls><Btch><NbOfTxs>1</NbOfTxs></Btch><TxDtls><Refs><AcctSvcrRef>220907CH096DLQUX</AcctSvcrRef><InstrId>16875570907/6XXX</InstrId><EndToEndId>NOTPROVIDED</EndToEndId><Prtry><Tp>00</Tp><Ref>220907CH096DLQUX</Ref></Prtry></Refs><Amt Ccy="CHF">59.90</Amt><CdtDbtInd>CRDT</CdtDbtInd><BkTxCd><Domn><Cd>PMNT</Cd><Fmly><Cd>RCDT</Cd><SubFmlyCd>ATXN</SubFmlyCd></Fmly></Domn></BkTxCd><RltdPties><Dbtr><Nm>Michael Fenner</Nm><PstlAdr><AdrLine>Zythusmatt 32</AdrLine><AdrLine>6333 Huenenberg See</AdrLine></PstlAdr></Dbtr><DbtrAcct><Id><IBAN>CH2380808002920981060</IBAN></Id></DbtrAcct><CdtrAcct><Id><IBAN>CH9209000000414939852</IBAN></Id></CdtrAcct></RltdPties><RltdAgts><DbtrAgt><FinInstnId><ClrSysMmbId><MmbId>81455</MmbId></ClrSysMmbId><Nm>Raiffeisenbank Cham-Steinhausen</Nm><PstlAdr><AdrLine>Sinserstrasse 1</AdrLine><AdrLine>6330 Cham</AdrLine></PstlAdr></FinInstnId></DbtrAgt></RltdAgts><RmtInf><Ustrd>Rechnung RE-91212</Ustrd><Strd><AddtlRmtInf>?REJECT?0</AddtlRmtInf><AddtlRmtInf>?ERROR?000</AddtlRmtInf></Strd></RmtInf><RltdDts><AccptncDtTm>2022-09-07T20:00:00</AccptncDtTm></RltdDts></TxDtls></NtryDtls><AddtlNtryInf>GUTSCHRIFT AUFTRAGGEBER: MICHAEL FENNER ZYTHUSMATT 32 6333 HUENENBERG SEE MITTEILUNGEN: RECHNUNG RE-91212 REFERENZEN: NOTPROVIDED 16875570907/6XXX 220907CH096DLQUX</AddtlNtryInf></Ntry><Ntry><NtryRef>CH9209000000414939852</NtryRef><Amt Ccy="CHF">4630.29</Amt><CdtDbtInd>CRDT</CdtDbtInd><RvslInd>false</RvslInd><Sts>BOOK</Sts><BookgDt><Dt>2022-09-07</Dt></BookgDt><ValDt><Dt>2022-09-07</Dt></ValDt><AcctSvcrRef>25022000966WV2BK</AcctSvcrRef><BkTxCd><Domn><Cd>PMNT</Cd><Fmly><Cd>RCDT</Cd><SubFmlyCd>AUTT</SubFmlyCd></Fmly></Domn></BkTxCd><NtryDtls><Btch><NbOfTxs>1</NbOfTxs></Btch><TxDtls><Refs><MsgId>TWINT20220905-101-Merchant</MsgId><AcctSvcrRef>220906CH0966WV2B</AcctSvcrRef><PmtInfId>TWINT20220905-101-Merchant-B1</PmtInfId><InstrId>12cb54e532e142299ddf57024c7f6bb0</InstrId><EndToEndId>TWINT20220905-101-Merchant-B1</EndToEndId><Prtry><Tp>00</Tp><Ref>220906CH0966WV2B</Ref></Prtry></Refs><Amt Ccy="CHF">4630.29</Amt><CdtDbtInd>CRDT</CdtDbtInd><BkTxCd><Domn><Cd>PMNT</Cd><Fmly><Cd>RCDT</Cd><SubFmlyCd>AUTT</SubFmlyCd></Fmly></Domn></BkTxCd><RltdPties><Dbtr><Nm>TWINT Acquiring AG</Nm><PstlAdr><StrtNm>Stauffacherstrasse</StrtNm><BldgNb>41</BldgNb><PstCd>8004</PstCd><TwnNm>Zürich</TwnNm><Ctry>CH</Ctry></PstlAdr></Dbtr><DbtrAcct><Id><IBAN>CH6609000000313087410</IBAN></Id></DbtrAcct><CdtrAcct><Id><IBAN>CH9209000000414939852</IBAN></Id></CdtrAcct></RltdPties><RltdAgts><DbtrAgt><FinInstnId><BICFI>POFICHBEXXX</BICFI><Nm>POSTFINANCE AG</Nm><PstlAdr><AdrLine>MINGERSTRASSE , 20</AdrLine><AdrLine>3030 BERN</AdrLine></PstlAdr></FinInstnId></DbtrAgt></RltdAgts><RmtInf><Ustrd>999999 TWINT TWINT Auszahlungen Pay</Ustrd><Ustrd>out 20220906                       </Ustrd><Ustrd>   Gross: 4691.30 Fees: -61.01</Ustrd><Strd><AddtlRmtInf>?REJECT?0</AddtlRmtInf><AddtlRmtInf>?ERROR?000</AddtlRmtInf></Strd></RmtInf><RltdDts><AccptncDtTm>2022-09-07T20:00:00</AccptncDtTm></RltdDts></TxDtls></NtryDtls><AddtlNtryInf>GUTSCHRIFT CH6609000000313087410 ABSENDER: TWINT ACQUIRING AG STAUFFACHERSTRASSE 41 8004 ZÜRICH MITTEILUNGEN: 999999 TWINT TWINT AUSZAHLUNGEN PAY OUT 20220906                           GROSS: 4691.30 FEES: -61.01 REFERENZEN: TWINT20220905-101-MERCHANT-B1</AddtlNtryInf></Ntry><Ntry><NtryRef>CH9209000000414939852</NtryRef><Amt Ccy="CHF">1131.49</Amt><CdtDbtInd>CRDT</CdtDbtInd><RvslInd>false</RvslInd><Sts>BOOK</Sts><BookgDt><Dt>2022-09-07</Dt></BookgDt><ValDt><Dt>2022-09-07</Dt></ValDt><AcctSvcrRef>2502201096FF7M5K</AcctSvcrRef><BkTxCd><Domn><Cd>PMNT</Cd><Fmly><Cd>RCDT</Cd><SubFmlyCd>ATXN</SubFmlyCd></Fmly></Domn></BkTxCd><NtryDtls><Btch><NbOfTxs>1</NbOfTxs></Btch><TxDtls><Refs><AcctSvcrRef>220907CH096FF7M5</AcctSvcrRef><InstrId>LON03246886980</InstrId><EndToEndId>NOTPROVIDED</EndToEndId><Prtry><Tp>00</Tp><Ref>220907CH096FF7M5</Ref></Prtry></Refs><Amt Ccy="CHF">1131.49</Amt><CdtDbtInd>CRDT</CdtDbtInd><BkTxCd><Domn><Cd>PMNT</Cd><Fmly><Cd>RCDT</Cd><SubFmlyCd>ATXN</SubFmlyCd></Fmly></Domn></BkTxCd><RltdPties><Dbtr><Nm>STRIPE PAYMENTS UK LTD</Nm><PstlAdr><AdrLine>9TH FLOOR, 107 CHEAPSIDE GB - LONDO</AdrLine><AdrLine>N EC2V 6DN</AdrLine></PstlAdr></Dbtr><DbtrAcct><Id><IBAN>DK6289000000010375</IBAN></Id></DbtrAcct><CdtrAcct><Id><IBAN>CH9209000000414939852</IBAN></Id></CdtrAcct></RltdPties><RltdAgts><DbtrAgt><FinInstnId><BICFI>CITIGB2LXXX</BICFI><Nm>CITIBANK N.A.</Nm><PstlAdr><AdrLine>CITIBANK CENTRE25 CANADA SQUARE</AdrLine><AdrLine>E14 5LB LONDON</AdrLine></PstlAdr></FinInstnId></DbtrAgt></RltdAgts><RmtInf><Ustrd>STRIPE H9N7L9</Ustrd><Strd><AddtlRmtInf>?REJECT?0</AddtlRmtInf><AddtlRmtInf>?ERROR?000</AddtlRmtInf></Strd></RmtInf><RltdDts><AccptncDtTm>2022-09-07T20:00:00</AccptncDtTm></RltdDts></TxDtls></NtryDtls><AddtlNtryInf>GUTSCHRIFT AUFTRAGGEBER: STRIPE PAYMENTS UK LTD 9TH FLOOR, 107 CHEAPSIDE GB - LONDO N EC2V 6DN MITTEILUNGEN: STRIPE H9N7L9 SPESENBETRAG 0.00 CHF SHA REFERENZEN: NOTPROVIDED LON03246886980 220907CH096FF7M5</AddtlNtryInf></Ntry><Ntry><Amt Ccy="CHF">373.51</Amt><CdtDbtInd>DBIT</CdtDbtInd><RvslInd>false</RvslInd><Sts>BOOK</Sts><BookgDt><Dt>2022-09-07</Dt></BookgDt><ValDt><Dt>2022-09-07</Dt></ValDt><AcctSvcrRef>2502200096B72PKK</AcctSvcrRef><BkTxCd><Domn><Cd>PMNT</Cd><Fmly><Cd>ICDT</Cd><SubFmlyCd>XBCT</SubFmlyCd></Fmly></Domn></BkTxCd><NtryDtls><TxDtls><Refs><AcctSvcrRef>25-655829621-1</AcctSvcrRef><PmtInfId>25:655829621</PmtInfId><InstrId>20220907000800153691111</InstrId></Refs><Amt Ccy="CHF">373.51</Amt><CdtDbtInd>DBIT</CdtDbtInd><AmtDtls><InstdAmt><Amt Ccy="EUR">378.20</Amt><CcyXchg><SrcCcy>EUR</SrcCcy><XchgRate>0.9876</XchgRate></CcyXchg></InstdAmt></AmtDtls><BkTxCd><Domn><Cd>PMNT</Cd><Fmly><Cd>ICDT</Cd><SubFmlyCd>XBCT</SubFmlyCd></Fmly></Domn></BkTxCd><RltdPties><Cdtr><Nm>FRESCO INTERNATIONAL 2005, S.A.</Nm><PstlAdr><Ctry>ES</Ctry><AdrLine>Sicília, 143 08013 Barcelona</AdrLine></PstlAdr></Cdtr><CdtrAcct><Id><IBAN>ES2700810137260001233227</IBAN></Id></CdtrAcct></RltdPties><RltdAgts><CdtrAgt><FinInstnId><BICFI>BSABESBBXXX</BICFI><Nm>BANCO DE SABADELL, S.A.</Nm><PstlAdr><Ctry>ES</Ctry><AdrLine>C/SENA , 12 08174 SANT CUGAT DEL VALLES</AdrLine></PstlAdr></FinInstnId></CdtrAgt></RltdAgts><RmtInf><Ustrd>11051</Ustrd><Strd><AddtlRmtInf>11051 Samples Fresco</AddtlRmtInf></Strd></RmtInf></TxDtls></NtryDtls><AddtlNtryInf>GIRO INTERNATIONAL URGENT EXPRESS EUR 378.20 ZUM KURS VON 0.9876 BANCO DE SABADELL, S.A. C/SENA , 12 08174 SANT CUGAT DEL VALLES ES2700810137260001233227 FRESCO INTERNATIONAL 2005, S.A. SICÍLIA, 143 08013 BARCELONA SENDER REFERENZ: 11051 SAMPLES FRESCO 20220907000800153691111</AddtlNtryInf></Ntry><Ntry><Amt Ccy="CHF">60.90</Amt><CdtDbtInd>DBIT</CdtDbtInd><RvslInd>false</RvslInd><Sts>BOOK</Sts><BookgDt><Dt>2022-09-07</Dt></BookgDt><ValDt><Dt>2022-09-07</Dt></ValDt><AcctSvcrRef>2502200096FU8N6K</AcctSvcrRef><BkTxCd><Domn><Cd>PMNT</Cd><Fmly><Cd>ICDT</Cd><SubFmlyCd>BOOK</SubFmlyCd></Fmly></Domn></BkTxCd><NtryDtls><TxDtls><Refs><AcctSvcrRef>25-655761385-1</AcctSvcrRef><PmtInfId>25:655761385</PmtInfId><InstrId>20220907000800151461086</InstrId></Refs><Amt Ccy="CHF">60.90</Amt><CdtDbtInd>DBIT</CdtDbtInd><BkTxCd><Domn><Cd>PMNT</Cd><Fmly><Cd>ICDT</Cd><SubFmlyCd>BOOK</SubFmlyCd></Fmly></Domn></BkTxCd><RltdPties><Cdtr><Nm>Sunrise GmbH</Nm><PstlAdr><Ctry>CH</Ctry><AdrLine>Glattpark(Opfikon)</AdrLine></PstlAdr></Cdtr><CdtrAcct><Id><IBAN>CH7630000003800003679</IBAN></Id></CdtrAcct></RltdPties><RltdAgts><CdtrAgt><FinInstnId><BICFI>POFICHBEXXX</BICFI><PstlAdr><Ctry>CH</Ctry></PstlAdr></FinInstnId></CdtrAgt></RltdAgts><RmtInf><Strd><CdtrRefInf><Tp><CdOrPrtry><Prtry>QRR</Prtry></CdOrPrtry></Tp><Ref>000000000000000007257105013</Ref></CdtrRefInf><AddtlRmtInf>Adairlis Handy 07 2022</AddtlRmtInf></Strd></RmtInf></TxDtls></NtryDtls><AddtlNtryInf>LASTSCHRIFT CH7630000003800003679 SUNRISE GMBH GLATTPARK(OPFIKON) SENDER REFERENZ: ADAIRLIS HANDY 07 2022 20220907000800151461086</AddtlNtryInf></Ntry><Ntry><Amt Ccy="CHF">60.90</Amt><CdtDbtInd>DBIT</CdtDbtInd><RvslInd>false</RvslInd><Sts>BOOK</Sts><BookgDt><Dt>2022-09-07</Dt></BookgDt><ValDt><Dt>2022-09-07</Dt></ValDt><AcctSvcrRef>2502200096FOKXPK</AcctSvcrRef><BkTxCd><Domn><Cd>PMNT</Cd><Fmly><Cd>ICDT</Cd><SubFmlyCd>BOOK</SubFmlyCd></Fmly></Domn></BkTxCd><NtryDtls><TxDtls><Refs><AcctSvcrRef>25-655762850-1</AcctSvcrRef><PmtInfId>25:655762850</PmtInfId><InstrId>20220907000800151507197</InstrId></Refs><Amt Ccy="CHF">60.90</Amt><CdtDbtInd>DBIT</CdtDbtInd><BkTxCd><Domn><Cd>PMNT</Cd><Fmly><Cd>ICDT</Cd><SubFmlyCd>BOOK</SubFmlyCd></Fmly></Domn></BkTxCd><RltdPties><Cdtr><Nm>Sunrise GmbH</Nm><PstlAdr><Ctry>CH</Ctry><AdrLine>Glattpark(Opfikon)</AdrLine></PstlAdr></Cdtr><CdtrAcct><Id><IBAN>CH7630000003800003679</IBAN></Id></CdtrAcct></RltdPties><RltdAgts><CdtrAgt><FinInstnId><BICFI>POFICHBEXXX</BICFI><PstlAdr><Ctry>CH</Ctry></PstlAdr></FinInstnId></CdtrAgt></RltdAgts><RmtInf><Strd><CdtrRefInf><Tp><CdOrPrtry><Prtry>QRR</Prtry></CdOrPrtry></Tp><Ref>000000000000000007257105013</Ref></CdtrRefInf><AddtlRmtInf>Adairlis Handy 08 2022</AddtlRmtInf></Strd></RmtInf></TxDtls></NtryDtls><AddtlNtryInf>LASTSCHRIFT CH7630000003800003679 SUNRISE GMBH GLATTPARK(OPFIKON) SENDER REFERENZ: ADAIRLIS HANDY 08 2022 20220907000800151507197</AddtlNtryInf></Ntry><Ntry><NtryRef>CH4330000001414939852</NtryRef><Amt Ccy="CHF">13936.44</Amt><CdtDbtInd>CRDT</CdtDbtInd><RvslInd>false</RvslInd><Sts>BOOK</Sts><BookgDt><Dt>2022-09-07</Dt></BookgDt><ValDt><Dt>2022-09-07</Dt></ValDt><AcctSvcrRef>2502200096JILHCU</AcctSvcrRef><BkTxCd><Domn><Cd>PMNT</Cd><Fmly><Cd>RCDT</Cd><SubFmlyCd>VCOM</SubFmlyCd></Fmly></Domn></BkTxCd><NtryDtls><TxDtls><Refs><AcctSvcrRef>2502200096JILHCU</AcctSvcrRef></Refs><Amt Ccy="CHF">13936.44</Amt><CdtDbtInd>CRDT</CdtDbtInd></TxDtls></NtryDtls><AddtlNtryInf>SAMMELGUTSCHRIFT FÜR KONTO: CH4330000001414939852 VERARBEITUNG VOM 07.09.2022 PAKET ID: 220907CH000007UT</AddtlNtryInf></Ntry><Ntry><Amt Ccy="CHF">928.00</Amt><CdtDbtInd>CRDT</CdtDbtInd><RvslInd>false</RvslInd><Sts>BOOK</Sts><BookgDt><Dt>2022-09-07</Dt></BookgDt><ValDt><Dt>2022-09-07</Dt></ValDt><AcctSvcrRef>2502400210924612</AcctSvcrRef><BkTxCd><Domn><Cd>PMNT</Cd><Fmly><Cd>MCRD</Cd><SubFmlyCd>POSP</SubFmlyCd></Fmly></Domn></BkTxCd><NtryDtls><TxDtls><Refs><AcctSvcrRef>2502400210924612</AcctSvcrRef></Refs><Amt Ccy="CHF">928.00</Amt><CdtDbtInd>CRDT</CdtDbtInd></TxDtls></NtryDtls><AddtlNtryInf>GUTSCHRIFT E-PAYMENT-TRANSAKTIONEN POSTFINANCE CARD EINLIEFERUNG VOM 06.09.2022 EVERSMART PRODUCTS HANDELS GMBH PFAQ08TC0000001 WWW.MEIN-STEHTISCH.CH</AddtlNtryInf></Ntry></Stmt></BkToCstmrStmt></Document>
