<?xml version="1.0" encoding="UTF-8"?>
<Document xmlns="urn:iso:std:iso:20022:tech:xsd:camt.053.001.04" xmlns:xsi="http://www.w3.org/2001/XMLSchema-instance" xsi:schemaLocation="urn:iso:std:iso:20022:tech:xsd:camt.053.001.04 camt.053.001.04.xsd"><BkToCstmrStmt><GrpHdr><MsgId>20221110375204974035417</MsgId><CreDtTm>2022-11-11T01:36:09</CreDtTm><MsgPgntn><PgNb>1</PgNb><LastPgInd>true</LastPgInd></MsgPgntn><AddtlInf>SPS/1.7/PROD</AddtlInf></GrpHdr><Stmt><Id>20221110375204974035457</Id><ElctrncSeqNb>221</ElctrncSeqNb><CreDtTm>2022-11-11T01:36:09</CreDtTm><FrToDt><FrDtTm>2022-11-10T00:00:00</FrDtTm><ToDtTm>2022-11-10T23:59:59</ToDtTm></FrToDt><Acct><Id><IBAN>CH9209000000414939852</IBAN></Id><Ownr><Nm>eversmart products Handels GmbH Pfäffikon SZ</Nm></Ownr></Acct><Bal><Tp><CdOrPrtry><Cd>OPBD</Cd></CdOrPrtry></Tp><Amt Ccy="CHF">28965.47</Amt><CdtDbtInd>CRDT</CdtDbtInd><Dt><Dt>2022-11-10</Dt></Dt></Bal><Bal><Tp><CdOrPrtry><Cd>CLBD</Cd></CdOrPrtry></Tp><Amt Ccy="CHF">32536.01</Amt><CdtDbtInd>CRDT</CdtDbtInd><Dt><Dt>2022-11-10</Dt></Dt></Bal><Bal><Tp><CdOrPrtry><Cd>CLAV</Cd></CdOrPrtry></Tp><Amt Ccy="CHF">32536.01</Amt><CdtDbtInd>CRDT</CdtDbtInd><Dt><Dt>2022-11-10</Dt></Dt></Bal><Ntry><Amt Ccy="CHF">3047.95</Amt><CdtDbtInd>DBIT</CdtDbtInd><RvslInd>false</RvslInd><Sts>BOOK</Sts><BookgDt><Dt>2022-11-10</Dt></BookgDt><ValDt><Dt>2022-11-10</Dt></ValDt><AcctSvcrRef>314220009BUK3I6K</AcctSvcrRef><BkTxCd><Domn><Cd>PMNT</Cd><Fmly><Cd>ICDT</Cd><SubFmlyCd>BOOK</SubFmlyCd></Fmly></Domn></BkTxCd><NtryDtls><TxDtls><Refs><AcctSvcrRef>25-676155024-1</AcctSvcrRef><PmtInfId>25:676155024</PmtInfId><InstrId>20221012000800767416315</InstrId></Refs><Amt Ccy="CHF">3047.95</Amt><CdtDbtInd>DBIT</CdtDbtInd><BkTxCd><Domn><Cd>PMNT</Cd><Fmly><Cd>ICDT</Cd><SubFmlyCd>BOOK</SubFmlyCd></Fmly></Domn></BkTxCd><RltdPties><Cdtr><Nm>Ausgleichskasse Schwyz</Nm><PstlAdr><Ctry>CH</Ctry><AdrLine>AHV/IV/EO Schwyz</AdrLine></PstlAdr></Cdtr><CdtrAcct><Id><IBAN>CH0230000002600077957</IBAN></Id></CdtrAcct></RltdPties><RltdAgts><CdtrAgt><FinInstnId><BICFI>POFICHBEXXX</BICFI><PstlAdr><Ctry>CH</Ctry></PstlAdr></FinInstnId></CdtrAgt></RltdAgts><RmtInf><Strd><CdtrRefInf><Tp><CdOrPrtry><Prtry>QRR</Prtry></CdOrPrtry></Tp><Ref>000102019769001001725490113</Ref></CdtrRefInf><AddtlRmtInf>Zahlbar bis: 10.11.2022</AddtlRmtInf></Strd></RmtInf></TxDtls></NtryDtls><AddtlNtryInf>LASTSCHRIFT CH0230000002600077957 AUSGLEICHSKASSE SCHWYZ AHV/IV/EO SCHWYZ SENDER REFERENZ: 20221012000800767416315</AddtlNtryInf></Ntry><Ntry><NtryRef>CH9209000000414939852</NtryRef><Amt Ccy="CHF">3044.36</Amt><CdtDbtInd>CRDT</CdtDbtInd><RvslInd>false</RvslInd><Sts>BOOK</Sts><BookgDt><Dt>2022-11-10</Dt></BookgDt><ValDt><Dt>2022-11-10</Dt></ValDt><AcctSvcrRef>314220009G38XQ2K</AcctSvcrRef><BkTxCd><Domn><Cd>PMNT</Cd><Fmly><Cd>RCDT</Cd><SubFmlyCd>AUTT</SubFmlyCd></Fmly></Domn></BkTxCd><NtryDtls><Btch><NbOfTxs>1</NbOfTxs></Btch><TxDtls><Refs><MsgId>TWINT20221108-101-Merchant</MsgId><AcctSvcrRef>221109CH09G38XQ2</AcctSvcrRef><PmtInfId>TWINT20221108-101-Merchant-B1</PmtInfId><InstrId>521fac35c09b475781c60ed7013b384a</InstrId><EndToEndId>TWINT20221108-101-Merchant-B1</EndToEndId><Prtry><Tp>00</Tp><Ref>221109CH09G38XQ2</Ref></Prtry></Refs><Amt Ccy="CHF">3044.36</Amt><CdtDbtInd>CRDT</CdtDbtInd><BkTxCd><Domn><Cd>PMNT</Cd><Fmly><Cd>RCDT</Cd><SubFmlyCd>AUTT</SubFmlyCd></Fmly></Domn></BkTxCd><RltdPties><Dbtr><Nm>TWINT Acquiring AG</Nm><PstlAdr><StrtNm>Stauffacherstrasse</StrtNm><BldgNb>41</BldgNb><PstCd>8004</PstCd><TwnNm>Zürich</TwnNm><Ctry>CH</Ctry></PstlAdr></Dbtr><DbtrAcct><Id><IBAN>CH6609000000313087410</IBAN></Id></DbtrAcct><CdtrAcct><Id><IBAN>CH9209000000414939852</IBAN></Id></CdtrAcct></RltdPties><RltdAgts><DbtrAgt><FinInstnId><BICFI>POFICHBEXXX</BICFI><Nm>POSTFINANCE AG</Nm><PstlAdr><AdrLine>MINGERSTRASSE 20</AdrLine><AdrLine>3030 BERN</AdrLine></PstlAdr></FinInstnId></DbtrAgt></RltdAgts><RmtInf><Ustrd>999999 TWINT TWINT Auszahlungen Pay</Ustrd><Ustrd>out 20221109                       </Ustrd><Ustrd>   Gross: 3084.50 Fees: -40.14</Ustrd><Strd><AddtlRmtInf>?REJECT?000</AddtlRmtInf><AddtlRmtInf>?ERROR?000</AddtlRmtInf></Strd></RmtInf><RltdDts><AccptncDtTm>2022-11-10T20:00:00</AccptncDtTm></RltdDts></TxDtls></NtryDtls><AddtlNtryInf>GUTSCHRIFT CH6609000000313087410 ABSENDER: TWINT ACQUIRING AG STAUFFACHERSTRASSE 41 8004 ZÜRICH MITTEILUNGEN: 999999 TWINT TWINT AUSZAHLUNGEN PAY OUT 20221109                           GROSS: 3084.50 FEES: -40.14 REFERENZEN: TWINT20221108-101-MERCHANT-B1</AddtlNtryInf></Ntry><Ntry><NtryRef>CH9209000000414939852</NtryRef><Amt Ccy="CHF">154.96</Amt><CdtDbtInd>CRDT</CdtDbtInd><RvslInd>false</RvslInd><Sts>BOOK</Sts><BookgDt><Dt>2022-11-10</Dt></BookgDt><ValDt><Dt>2022-11-10</Dt></ValDt><AcctSvcrRef>314220109GAU862K</AcctSvcrRef><BkTxCd><Domn><Cd>PMNT</Cd><Fmly><Cd>RCDT</Cd><SubFmlyCd>ATXN</SubFmlyCd></Fmly></Domn></BkTxCd><NtryDtls><Btch><NbOfTxs>1</NbOfTxs></Btch><TxDtls><Refs><AcctSvcrRef>221110CH09GAU862</AcctSvcrRef><InstrId>LON03260153182</InstrId><EndToEndId>NOTPROVIDED</EndToEndId><Prtry><Tp>00</Tp><Ref>221110CH09GAU862</Ref></Prtry></Refs><Amt Ccy="CHF">154.96</Amt><CdtDbtInd>CRDT</CdtDbtInd><BkTxCd><Domn><Cd>PMNT</Cd><Fmly><Cd>RCDT</Cd><SubFmlyCd>ATXN</SubFmlyCd></Fmly></Domn></BkTxCd><RltdPties><Dbtr><Nm>STRIPE PAYMENTS UK LTD</Nm><PstlAdr><AdrLine>9TH FLOOR, 107 CHEAPSIDE GB - LONDO</AdrLine><AdrLine>N EC2V 6DN</AdrLine></PstlAdr></Dbtr><DbtrAcct><Id><IBAN>DK6289000000010375</IBAN></Id></DbtrAcct><CdtrAcct><Id><IBAN>CH9209000000414939852</IBAN></Id></CdtrAcct></RltdPties><RltdAgts><DbtrAgt><FinInstnId><BICFI>CITIGB2LXXX</BICFI><Nm>CITIBANK N.A.</Nm><PstlAdr><AdrLine>CITIBANK CENTRE25 CANADA SQUARE</AdrLine><AdrLine>E14 5LB LONDON</AdrLine></PstlAdr></FinInstnId></DbtrAgt></RltdAgts><RmtInf><Ustrd>STRIPE P4Q0N9</Ustrd><Strd><AddtlRmtInf>?REJECT?000</AddtlRmtInf><AddtlRmtInf>?ERROR?000</AddtlRmtInf></Strd></RmtInf><RltdDts><AccptncDtTm>2022-11-10T20:00:00</AccptncDtTm></RltdDts></TxDtls></NtryDtls><AddtlNtryInf>GUTSCHRIFT AUFTRAGGEBER: STRIPE PAYMENTS UK LTD 9TH FLOOR, 107 CHEAPSIDE GB - LONDO N EC2V 6DN MITTEILUNGEN: STRIPE P4Q0N9 SPESENBETRAG 0.00 CHF SHA REFERENZEN: NOTPROVIDED LON03260153182 221110CH09GAU862</AddtlNtryInf></Ntry><Ntry><Amt Ccy="CHF">673.63</Amt><CdtDbtInd>DBIT</CdtDbtInd><RvslInd>false</RvslInd><Sts>BOOK</Sts><BookgDt><Dt>2022-11-10</Dt></BookgDt><ValDt><Dt>2022-11-10</Dt></ValDt><AcctSvcrRef>314220009G07QOEK</AcctSvcrRef><BkTxCd><Domn><Cd>PMNT</Cd><Fmly><Cd>ICDT</Cd><SubFmlyCd>ESCT</SubFmlyCd></Fmly></Domn></BkTxCd><NtryDtls><TxDtls><Refs><AcctSvcrRef>25-693782006-1</AcctSvcrRef><PmtInfId>25:693782006</PmtInfId><InstrId>20221109000800281043280</InstrId></Refs><Amt Ccy="CHF">673.63</Amt><CdtDbtInd>DBIT</CdtDbtInd><AmtDtls><InstdAmt><Amt Ccy="EUR">674.51</Amt><CcyXchg><SrcCcy>EUR</SrcCcy><XchgRate>0.9987</XchgRate></CcyXchg></InstdAmt></AmtDtls><BkTxCd><Domn><Cd>PMNT</Cd><Fmly><Cd>ICDT</Cd><SubFmlyCd>ESCT</SubFmlyCd></Fmly></Domn></BkTxCd><RltdPties><Cdtr><Nm>Foshan Nuoyilaier Furniture Co., Ltd.</Nm><PstlAdr><StrtNm>rue du Laboratoire</StrtNm><BldgNb>9</BldgNb><PstCd>1911</PstCd><TwnNm>Luxembourg</TwnNm><Ctry>LU</Ctry></PstlAdr></Cdtr><CdtrAcct><Id><IBAN>LU520670004237534085</IBAN></Id></CdtrAcct></RltdPties><RltdAgts><CdtrAgt><FinInstnId><BICFI>CHASLULXXXX</BICFI><Nm>J.P. MORGAN SE - LUXEMBOURG BRANCH</Nm><PstlAdr><Ctry>LU</Ctry><AdrLine>6 ROUTE DE TREVES L-2663 SENNINGERBERG</AdrLine></PstlAdr></FinInstnId></CdtrAgt></RltdAgts><RmtInf><Ustrd>150906334001022575</Ustrd></RmtInf></TxDtls></NtryDtls><AddtlNtryInf>GIRO INTERNATIONAL (SEPA) EUR 674.51 ZUM KURS VON 0.9987 J.P. MORGAN SE - LUXEMBOURG BRANCH 6 ROUTE DE TREVES L-2663 SENNINGERBERG LU520670004237534085 FOSHAN NUOYILAIER FURNITURE CO., LT D. RUE DU LABORATOIRE 9 1911 LUXEMBOURG SENDER REFERENZ: 2/2 STÜHLE ALIBABA 1 ZHLG AM 13.07 20221109000800281043280</AddtlNtryInf></Ntry><Ntry><NtryRef>CH4330000001414939852</NtryRef><Amt Ccy="CHF">3144.80</Amt><CdtDbtInd>CRDT</CdtDbtInd><RvslInd>false</RvslInd><Sts>BOOK</Sts><BookgDt><Dt>2022-11-10</Dt></BookgDt><ValDt><Dt>2022-11-10</Dt></ValDt><AcctSvcrRef>314220009GEQ8F0U</AcctSvcrRef><BkTxCd><Domn><Cd>PMNT</Cd><Fmly><Cd>RCDT</Cd><SubFmlyCd>VCOM</SubFmlyCd></Fmly></Domn></BkTxCd><NtryDtls><TxDtls><Refs><AcctSvcrRef>314220009GEQ8F0U</AcctSvcrRef></Refs><Amt Ccy="CHF">3144.80</Amt><CdtDbtInd>CRDT</CdtDbtInd></TxDtls></NtryDtls><AddtlNtryInf>SAMMELGUTSCHRIFT FÜR KONTO: CH4330000001414939852 VERARBEITUNG VOM 10.11.2022 PAKET ID: 221110CH0000075T</AddtlNtryInf></Ntry><Ntry><Amt Ccy="CHF">948.00</Amt><CdtDbtInd>CRDT</CdtDbtInd><RvslInd>false</RvslInd><Sts>BOOK</Sts><BookgDt><Dt>2022-11-10</Dt></BookgDt><ValDt><Dt>2022-11-10</Dt></ValDt><AcctSvcrRef>3142400316429521</AcctSvcrRef><BkTxCd><Domn><Cd>PMNT</Cd><Fmly><Cd>MCRD</Cd><SubFmlyCd>POSP</SubFmlyCd></Fmly></Domn></BkTxCd><NtryDtls><TxDtls><Refs><AcctSvcrRef>3142400316429521</AcctSvcrRef></Refs><Amt Ccy="CHF">948.00</Amt><CdtDbtInd>CRDT</CdtDbtInd></TxDtls></NtryDtls><AddtlNtryInf>GUTSCHRIFT E-PAYMENT-TRANSAKTIONEN POSTFINANCE CARD EINLIEFERUNG VOM 09.11.2022 EVERSMART PRODUCTS HANDELS GMBH PFAQ08TC0000001 WWW.MEIN-STEHTISCH.CH</AddtlNtryInf></Ntry></Stmt></BkToCstmrStmt></Document>
