<?xml version="1.0" encoding="UTF-8"?>
<Document xmlns="urn:iso:std:iso:20022:tech:xsd:camt.053.001.04" xmlns:xsi="http://www.w3.org/2001/XMLSchema-instance" xsi:schemaLocation="urn:iso:std:iso:20022:tech:xsd:camt.053.001.04 camt.053.001.04.xsd"><BkToCstmrStmt><GrpHdr><MsgId>20220530375204847882487</MsgId><CreDtTm>2022-05-31T01:58:32</CreDtTm><MsgPgntn><PgNb>1</PgNb><LastPgInd>true</LastPgInd></MsgPgntn><AddtlInf>SPS/1.7/PROD</AddtlInf></GrpHdr><Stmt><Id>20220530375204847882504</Id><ElctrncSeqNb>104</ElctrncSeqNb><CreDtTm>2022-05-31T01:58:32</CreDtTm><FrToDt><FrDtTm>2022-05-28T00:00:00</FrDtTm><ToDtTm>2022-05-30T23:59:59</ToDtTm></FrToDt><Acct><Id><IBAN>CH9209000000414939852</IBAN></Id><Ownr><Nm>eversmart products Handels GmbH Pfäffikon SZ</Nm></Ownr></Acct><Bal><Tp><CdOrPrtry><Cd>OPBD</Cd></CdOrPrtry></Tp><Amt Ccy="CHF">15372.37</Amt><CdtDbtInd>CRDT</CdtDbtInd><Dt><Dt>2022-05-28</Dt></Dt></Bal><Bal><Tp><CdOrPrtry><Cd>CLBD</Cd></CdOrPrtry></Tp><Amt Ccy="CHF">38117.48</Amt><CdtDbtInd>CRDT</CdtDbtInd><Dt><Dt>2022-05-30</Dt></Dt></Bal><Bal><Tp><CdOrPrtry><Cd>CLAV</Cd></CdOrPrtry></Tp><Amt Ccy="CHF">38117.48</Amt><CdtDbtInd>CRDT</CdtDbtInd><Dt><Dt>2022-05-30</Dt></Dt></Bal><Ntry><Amt Ccy="CHF">958.00</Amt><CdtDbtInd>CRDT</CdtDbtInd><RvslInd>false</RvslInd><Sts>BOOK</Sts><BookgDt><Dt>2022-05-28</Dt></BookgDt><ValDt><Dt>2022-05-30</Dt></ValDt><AcctSvcrRef>1482400051436143</AcctSvcrRef><BkTxCd><Domn><Cd>PMNT</Cd><Fmly><Cd>MCRD</Cd><SubFmlyCd>POSP</SubFmlyCd></Fmly></Domn></BkTxCd><NtryDtls><TxDtls><Refs><AcctSvcrRef>1482400051436143</AcctSvcrRef></Refs><Amt Ccy="CHF">958.00</Amt><CdtDbtInd>CRDT</CdtDbtInd></TxDtls></NtryDtls><AddtlNtryInf>GUTSCHRIFT E-PAYMENT-TRANSAKTIONEN POSTFINANCE E-FINANCE EINLIEFERUNG VOM 27.05.2022 eversmart products Handels GmbH PFAQ08TC0000001 www.mein-stehtisch.ch</AddtlNtryInf></Ntry><Ntry><Amt Ccy="CHF">79.90</Amt><CdtDbtInd>CRDT</CdtDbtInd><RvslInd>false</RvslInd><Sts>BOOK</Sts><BookgDt><Dt>2022-05-28</Dt></BookgDt><ValDt><Dt>2022-05-30</Dt></ValDt><AcctSvcrRef>1482400051436144</AcctSvcrRef><BkTxCd><Domn><Cd>PMNT</Cd><Fmly><Cd>MCRD</Cd><SubFmlyCd>POSP</SubFmlyCd></Fmly></Domn></BkTxCd><NtryDtls><TxDtls><Refs><AcctSvcrRef>1482400051436144</AcctSvcrRef></Refs><Amt Ccy="CHF">79.90</Amt><CdtDbtInd>CRDT</CdtDbtInd></TxDtls></NtryDtls><AddtlNtryInf>GUTSCHRIFT E-PAYMENT-TRANSAKTIONEN POSTFINANCE E-FINANCE EINLIEFERUNG VOM 27.05.2022 eversmart products Handels GmbH PFAQ0AXC0000001 https://valgusmed.ch/</AddtlNtryInf></Ntry><Ntry><Amt Ccy="CHF">1137.00</Amt><CdtDbtInd>CRDT</CdtDbtInd><RvslInd>false</RvslInd><Sts>BOOK</Sts><BookgDt><Dt>2022-05-28</Dt></BookgDt><ValDt><Dt>2022-05-30</Dt></ValDt><AcctSvcrRef>1482400051436165</AcctSvcrRef><BkTxCd><Domn><Cd>PMNT</Cd><Fmly><Cd>MCRD</Cd><SubFmlyCd>POSP</SubFmlyCd></Fmly></Domn></BkTxCd><NtryDtls><TxDtls><Refs><AcctSvcrRef>1482400051436165</AcctSvcrRef></Refs><Amt Ccy="CHF">1137.00</Amt><CdtDbtInd>CRDT</CdtDbtInd></TxDtls></NtryDtls><AddtlNtryInf>GUTSCHRIFT E-PAYMENT-TRANSAKTIONEN POSTFINANCE CARD EINLIEFERUNG VOM 27.05.2022 eversmart products Handels GmbH PFAQ08TC0000001 www.mein-stehtisch.ch</AddtlNtryInf></Ntry><Ntry><Amt Ccy="CHF">59.90</Amt><CdtDbtInd>CRDT</CdtDbtInd><RvslInd>false</RvslInd><Sts>BOOK</Sts><BookgDt><Dt>2022-05-28</Dt></BookgDt><ValDt><Dt>2022-05-30</Dt></ValDt><AcctSvcrRef>1482400051436171</AcctSvcrRef><BkTxCd><Domn><Cd>PMNT</Cd><Fmly><Cd>MCRD</Cd><SubFmlyCd>POSP</SubFmlyCd></Fmly></Domn></BkTxCd><NtryDtls><TxDtls><Refs><AcctSvcrRef>1482400051436171</AcctSvcrRef></Refs><Amt Ccy="CHF">59.90</Amt><CdtDbtInd>CRDT</CdtDbtInd></TxDtls></NtryDtls><AddtlNtryInf>GUTSCHRIFT E-PAYMENT-TRANSAKTIONEN POSTFINANCE CARD EINLIEFERUNG VOM 27.05.2022 eversmart products Handels GmbH PFAQ08TZ0000001 www.fiebercheck.ch</AddtlNtryInf></Ntry><Ntry><Amt Ccy="CHF">79.90</Amt><CdtDbtInd>CRDT</CdtDbtInd><RvslInd>false</RvslInd><Sts>BOOK</Sts><BookgDt><Dt>2022-05-29</Dt></BookgDt><ValDt><Dt>2022-05-30</Dt></ValDt><AcctSvcrRef>1492400053257030</AcctSvcrRef><BkTxCd><Domn><Cd>PMNT</Cd><Fmly><Cd>MCRD</Cd><SubFmlyCd>POSP</SubFmlyCd></Fmly></Domn></BkTxCd><NtryDtls><TxDtls><Refs><AcctSvcrRef>1492400053257030</AcctSvcrRef></Refs><Amt Ccy="CHF">79.90</Amt><CdtDbtInd>CRDT</CdtDbtInd></TxDtls></NtryDtls><AddtlNtryInf>GUTSCHRIFT E-PAYMENT-TRANSAKTIONEN POSTFINANCE CARD EINLIEFERUNG VOM 28.05.2022 eversmart products Handels GmbH PFAQ08TX0000001 https://knirschfrei.ch</AddtlNtryInf></Ntry><Ntry><Amt Ccy="CHF">59.90</Amt><CdtDbtInd>CRDT</CdtDbtInd><RvslInd>false</RvslInd><Sts>BOOK</Sts><BookgDt><Dt>2022-05-29</Dt></BookgDt><ValDt><Dt>2022-05-30</Dt></ValDt><AcctSvcrRef>1492400053257059</AcctSvcrRef><BkTxCd><Domn><Cd>PMNT</Cd><Fmly><Cd>MCRD</Cd><SubFmlyCd>POSP</SubFmlyCd></Fmly></Domn></BkTxCd><NtryDtls><TxDtls><Refs><AcctSvcrRef>1492400053257059</AcctSvcrRef></Refs><Amt Ccy="CHF">59.90</Amt><CdtDbtInd>CRDT</CdtDbtInd></TxDtls></NtryDtls><AddtlNtryInf>GUTSCHRIFT E-PAYMENT-TRANSAKTIONEN POSTFINANCE CARD EINLIEFERUNG VOM 28.05.2022 eversmart products Handels GmbH PFAQ08S00000001 www.loewenhaar.ch</AddtlNtryInf></Ntry><Ntry><Amt Ccy="CHF">201.75</Amt><CdtDbtInd>DBIT</CdtDbtInd><RvslInd>false</RvslInd><Sts>BOOK</Sts><BookgDt><Dt>2022-05-30</Dt></BookgDt><ValDt><Dt>2022-05-30</Dt></ValDt><AcctSvcrRef>150220008OOW57DK</AcctSvcrRef><BkTxCd><Domn><Cd>PMNT</Cd><Fmly><Cd>ICDT</Cd><SubFmlyCd>DMCT</SubFmlyCd></Fmly></Domn></BkTxCd><NtryDtls><TxDtls><Refs><AcctSvcrRef>25-583152859-1</AcctSvcrRef><PmtInfId>25:583152859</PmtInfId><InstrId>20220512000800267118043</InstrId></Refs><Amt Ccy="CHF">201.75</Amt><CdtDbtInd>DBIT</CdtDbtInd><BkTxCd><Domn><Cd>PMNT</Cd><Fmly><Cd>ICDT</Cd><SubFmlyCd>DMCT</SubFmlyCd></Fmly></Domn></BkTxCd><RltdPties><Cdtr><Nm>LANDI Weinland Genossenschaft</Nm><PstlAdr><Ctry>CH</Ctry></PstlAdr></Cdtr><CdtrAcct><Id><IBAN>CH7430700112200423044</IBAN></Id></CdtrAcct></RltdPties><RltdAgts><CdtrAgt><FinInstnId><BICFI>ZKBKCHZZ80A</BICFI><Nm>Zürcher Kantonalbank</Nm><PstlAdr><Ctry>CH</Ctry><AdrLine>8010 Zürich</AdrLine></PstlAdr></FinInstnId></CdtrAgt></RltdAgts><RmtInf><Strd><CdtrRefInf><Tp><CdOrPrtry><Prtry>QRR</Prtry></CdOrPrtry></Tp><Ref>963356000001064480101755785</Ref></CdtrRefInf><AddtlRmtInf>Landi 04-2022</AddtlRmtInf></Strd></RmtInf></TxDtls></NtryDtls><AddtlNtryInf>LASTSCHRIFT Zürcher Kantonalbank 8010 Zürich CH7430700112200423044 LANDI Weinland Genossenschaft SENDER REFERENZ: Landi 04-2022 20220512000800267118043</AddtlNtryInf></Ntry><Ntry><Amt Ccy="CHF">389.35</Amt><CdtDbtInd>DBIT</CdtDbtInd><RvslInd>false</RvslInd><Sts>BOOK</Sts><BookgDt><Dt>2022-05-30</Dt></BookgDt><ValDt><Dt>2022-05-30</Dt></ValDt><AcctSvcrRef>150220008ONOT1OK</AcctSvcrRef><BkTxCd><Domn><Cd>PMNT</Cd><Fmly><Cd>ICDT</Cd><SubFmlyCd>DMCT</SubFmlyCd></Fmly></Domn></BkTxCd><NtryDtls><TxDtls><Refs><AcctSvcrRef>25-583154354-1</AcctSvcrRef><PmtInfId>25:583154354</PmtInfId><InstrId>20220512000800267158100</InstrId></Refs><Amt Ccy="CHF">389.35</Amt><CdtDbtInd>DBIT</CdtDbtInd><BkTxCd><Domn><Cd>PMNT</Cd><Fmly><Cd>ICDT</Cd><SubFmlyCd>DMCT</SubFmlyCd></Fmly></Domn></BkTxCd><RltdPties><Cdtr><Nm>Fabios Mech_Box</Nm><PstlAdr><Ctry>CH</Ctry></PstlAdr></Cdtr><CdtrAcct><Id><IBAN>CH3930782007589527101</IBAN></Id></CdtrAcct></RltdPties><RltdAgts><CdtrAgt><FinInstnId><BICFI>SHKBCH2SXXX</BICFI><Nm>Schaffhauser Kantonalbank</Nm><PstlAdr><Ctry>CH</Ctry><AdrLine>Vorstadt 53 8201 Schaffhausen</AdrLine></PstlAdr></FinInstnId></CdtrAgt></RltdAgts><RmtInf><Strd><CdtrRefInf><Tp><CdOrPrtry><Prtry>QRR</Prtry></CdOrPrtry></Tp><Ref>715580000011736100000187964</Ref></CdtrRefInf><AddtlRmtInf>Service VW Golf</AddtlRmtInf></Strd></RmtInf></TxDtls></NtryDtls><AddtlNtryInf>LASTSCHRIFT Schaffhauser Kantonalbank Vorstadt 53 8201 Schaffhausen CH3930782007589527101 Fabios Mech_Box SENDER REFERENZ: Service VW Golf 20220512000800267158100</AddtlNtryInf></Ntry><Ntry><Amt Ccy="CHF">9000.00</Amt><CdtDbtInd>DBIT</CdtDbtInd><RvslInd>false</RvslInd><Sts>BOOK</Sts><BookgDt><Dt>2022-05-30</Dt></BookgDt><ValDt><Dt>2022-05-30</Dt></ValDt><AcctSvcrRef>150220008QGVYPYK</AcctSvcrRef><BkTxCd><Domn><Cd>PMNT</Cd><Fmly><Cd>ICDT</Cd><SubFmlyCd>DMCT</SubFmlyCd></Fmly></Domn></BkTxCd><NtryDtls><TxDtls><Refs><AcctSvcrRef>25-589929847-1</AcctSvcrRef><PmtInfId>25:589929847</PmtInfId><InstrId>20220525000800446141464</InstrId></Refs><Amt Ccy="CHF">9000.00</Amt><CdtDbtInd>DBIT</CdtDbtInd><BkTxCd><Domn><Cd>PMNT</Cd><Fmly><Cd>ICDT</Cd><SubFmlyCd>DMCT</SubFmlyCd></Fmly></Domn></BkTxCd><RltdPties><Cdtr><Nm>Timo Miczek</Nm><PstlAdr><Ctry>CH</Ctry><AdrLine>Schindellegistrasse 65 8808 Pfäffikon</AdrLine></PstlAdr></Cdtr><CdtrAcct><Id><IBAN>CH2981479000001234792</IBAN></Id></CdtrAcct></RltdPties><RltdAgts><CdtrAgt><FinInstnId><BICFI>RAIFCH22E79</BICFI><Nm>Raiffeisenbank Weinland</Nm><PstlAdr><Ctry>CH</Ctry><AdrLine>Thurtalstrasse 4</AdrLine><AdrLine>8450 Andelfingen</AdrLine></PstlAdr></FinInstnId></CdtrAgt></RltdAgts><RmtInf><Ustrd>Lohn Mai 2022</Ustrd><Strd><AddtlRmtInf>Lohn Mai 2022</AddtlRmtInf></Strd></RmtInf></TxDtls></NtryDtls><AddtlNtryInf>LASTSCHRIFT Raiffeisenbank Weinland Thurtalstrasse 4 8450 Andelfingen CH2981479000001234792 Timo Miczek Schindellegistrasse 65 8808 Pfäffikon SENDER REFERENZ: Lohn Mai 2022 20220525000800446141464</AddtlNtryInf></Ntry><Ntry><Amt Ccy="CHF">59.90</Amt><CdtDbtInd>CRDT</CdtDbtInd><RvslInd>false</RvslInd><Sts>BOOK</Sts><BookgDt><Dt>2022-05-30</Dt></BookgDt><ValDt><Dt>2022-05-30</Dt></ValDt><AcctSvcrRef>150220108QZVN2KK</AcctSvcrRef><BkTxCd><Domn><Cd>PMNT</Cd><Fmly><Cd>RCDT</Cd><SubFmlyCd>AUTT</SubFmlyCd></Fmly></Domn></BkTxCd><NtryDtls><Btch><NbOfTxs>1</NbOfTxs></Btch><TxDtls><Refs><AcctSvcrRef>220529CH08QZVN2K</AcctSvcrRef><InstrId>593318908-1-1</InstrId><Prtry><Tp>00</Tp><Ref>220529CH08QZVN2K</Ref></Prtry></Refs><Amt Ccy="CHF">59.90</Amt><CdtDbtInd>CRDT</CdtDbtInd><BkTxCd><Domn><Cd>PMNT</Cd><Fmly><Cd>RCDT</Cd><SubFmlyCd>AUTT</SubFmlyCd></Fmly></Domn></BkTxCd><RltdPties><Dbtr><Nm>Crispo V. e Crispo A. B.</Nm><PstlAdr><StrtNm>Via Motto Arbino</StrtNm><BldgNb>14</BldgNb><PstCd>6517</PstCd><TwnNm>Arbedo</TwnNm><Ctry>CH</Ctry></PstlAdr></Dbtr><DbtrAcct><Id><IBAN>CH4509000000650367652</IBAN></Id></DbtrAcct><CdtrAcct><Id><IBAN>CH9209000000414939852</IBAN></Id></CdtrAcct></RltdPties><RltdAgts><DbtrAgt><FinInstnId><BICFI>POFICHBEXXX</BICFI><Nm>POSTFINANCE AG</Nm><PstlAdr><AdrLine>MINGERSTRASSE , 20</AdrLine><AdrLine>3030 BERN</AdrLine></PstlAdr></FinInstnId></DbtrAgt></RltdAgts><RmtInf><Strd><AddtlRmtInf>?REJECT?0</AddtlRmtInf><AddtlRmtInf>?ERROR?000</AddtlRmtInf></Strd></RmtInf><RltdDts><AccptncDtTm>2022-05-30T20:00:00</AccptncDtTm></RltdDts></TxDtls></NtryDtls><AddtlNtryInf>GUTSCHRIFT CH4509000000650367652 ABSENDER: Crispo V. e Crispo A. B. Via Motto Arbino 14 6517 Arbedo</AddtlNtryInf></Ntry><Ntry><Amt Ccy="CHF">382.55</Amt><CdtDbtInd>DBIT</CdtDbtInd><RvslInd>false</RvslInd><Sts>BOOK</Sts><BookgDt><Dt>2022-05-30</Dt></BookgDt><ValDt><Dt>2022-05-30</Dt></ValDt><AcctSvcrRef>150220008ONL9R0K</AcctSvcrRef><BkTxCd><Domn><Cd>PMNT</Cd><Fmly><Cd>ICDT</Cd><SubFmlyCd>AUTT</SubFmlyCd></Fmly></Domn></BkTxCd><NtryDtls><TxDtls><Refs><AcctSvcrRef>25-583156606-1</AcctSvcrRef><PmtInfId>25:583156606</PmtInfId><InstrId>20220512000800267219356</InstrId></Refs><Amt Ccy="CHF">382.55</Amt><CdtDbtInd>DBIT</CdtDbtInd><BkTxCd><Domn><Cd>PMNT</Cd><Fmly><Cd>ICDT</Cd><SubFmlyCd>AUTT</SubFmlyCd></Fmly></Domn></BkTxCd><RltdPties><Cdtr><Nm>UBS Switzerland AG</Nm><PstlAdr><Ctry>CH</Ctry><AdrLine>ZV/PC Eingang 5001 Aarau</AdrLine></PstlAdr></Cdtr><CdtrAcct><Id><Othr><Id>010033002</Id></Othr></Id></CdtrAcct></RltdPties><RltdAgts><CdtrAgt><FinInstnId><BICFI>POFICHBEXXX</BICFI><PstlAdr><Ctry>CH</Ctry></PstlAdr></FinInstnId></CdtrAgt></RltdAgts><RmtInf><Strd><CdtrRefInf><Tp><CdOrPrtry><Prtry>ESR</Prtry></CdOrPrtry></Tp><Ref>330094000001111112022174803</Ref></CdtrRefInf><AddtlRmtInf>Medewo 202217480</AddtlRmtInf></Strd></RmtInf></TxDtls></NtryDtls><AddtlNtryInf>ESR 01-3300-2 UBS Switzerland AG ZV/PC Eingang 5001 Aarau SENDER REFERENZ: Medewo 202217480 20220512000800267219356</AddtlNtryInf></Ntry><Ntry><Amt Ccy="CHF">49.90</Amt><CdtDbtInd>CRDT</CdtDbtInd><RvslInd>false</RvslInd><Sts>BOOK</Sts><BookgDt><Dt>2022-05-30</Dt></BookgDt><ValDt><Dt>2022-05-30</Dt></ValDt><AcctSvcrRef>150220108QZOJO5K</AcctSvcrRef><BkTxCd><Domn><Cd>PMNT</Cd><Fmly><Cd>RCDT</Cd><SubFmlyCd>AUTT</SubFmlyCd></Fmly></Domn></BkTxCd><NtryDtls><Btch><NbOfTxs>1</NbOfTxs></Btch><TxDtls><Refs><AcctSvcrRef>220529CH08QZOJO5</AcctSvcrRef><InstrId>20220529000800506437291</InstrId><Prtry><Tp>00</Tp><Ref>220529CH08QZOJO5</Ref></Prtry></Refs><Amt Ccy="CHF">49.90</Amt><CdtDbtInd>CRDT</CdtDbtInd><BkTxCd><Domn><Cd>PMNT</Cd><Fmly><Cd>RCDT</Cd><SubFmlyCd>AUTT</SubFmlyCd></Fmly></Domn></BkTxCd><RltdPties><Dbtr><Nm>Mikanovic Dario</Nm><PstlAdr><StrtNm>Eichenstrasse</StrtNm><BldgNb>1</BldgNb><PstCd>5737</PstCd><TwnNm>Menziken</TwnNm><Ctry>CH</Ctry></PstlAdr></Dbtr><DbtrAcct><Id><IBAN>CH2009000000406309409</IBAN></Id></DbtrAcct><CdtrAcct><Id><IBAN>CH9209000000414939852</IBAN></Id></CdtrAcct></RltdPties><RltdAgts><DbtrAgt><FinInstnId><BICFI>POFICHBEXXX</BICFI><Nm>POSTFINANCE AG</Nm><PstlAdr><AdrLine>MINGERSTRASSE , 20</AdrLine><AdrLine>3030 BERN</AdrLine></PstlAdr></FinInstnId></DbtrAgt></RltdAgts><RmtInf><Strd><AddtlRmtInf>?REJECT?0</AddtlRmtInf><AddtlRmtInf>?ERROR?000</AddtlRmtInf></Strd></RmtInf><RltdDts><AccptncDtTm>2022-05-30T20:00:00</AccptncDtTm></RltdDts></TxDtls></NtryDtls><AddtlNtryInf>GUTSCHRIFT CH2009000000406309409 ABSENDER: Mikanovic Dario Eichenstrasse 1 5737 Menziken</AddtlNtryInf></Ntry><Ntry><Amt Ccy="CHF">99.90</Amt><CdtDbtInd>CRDT</CdtDbtInd><RvslInd>false</RvslInd><Sts>BOOK</Sts><BookgDt><Dt>2022-05-30</Dt></BookgDt><ValDt><Dt>2022-05-30</Dt></ValDt><AcctSvcrRef>150220108R2ABW7K</AcctSvcrRef><BkTxCd><Domn><Cd>PMNT</Cd><Fmly><Cd>RCDT</Cd><SubFmlyCd>ATXN</SubFmlyCd></Fmly></Domn></BkTxCd><NtryDtls><Btch><NbOfTxs>1</NbOfTxs></Btch><TxDtls><Refs><AcctSvcrRef>220530CH08R2ABW7</AcctSvcrRef><InstrId>16619926835/6XXX</InstrId><EndToEndId>NOTPROVIDED</EndToEndId><Prtry><Tp>00</Tp><Ref>220530CH08R2ABW7</Ref></Prtry></Refs><Amt Ccy="CHF">99.90</Amt><CdtDbtInd>CRDT</CdtDbtInd><BkTxCd><Domn><Cd>PMNT</Cd><Fmly><Cd>RCDT</Cd><SubFmlyCd>ATXN</SubFmlyCd></Fmly></Domn></BkTxCd><RltdPties><Dbtr><Nm>Dora Wanner</Nm><PstlAdr><AdrLine>Sternmattstrasse 8</AdrLine><AdrLine>6032 Emmen</AdrLine></PstlAdr></Dbtr><DbtrAcct><Id><IBAN>CH3680808003846638052</IBAN></Id></DbtrAcct><CdtrAcct><Id><IBAN>CH9209000000414939852</IBAN></Id></CdtrAcct></RltdPties><RltdAgts><DbtrAgt><FinInstnId><ClrSysMmbId><MmbId>81177</MmbId></ClrSysMmbId><Nm>Raiffeisenbank Emmen</Nm><PstlAdr><AdrLine>Gerliswilstrasse 95</AdrLine><AdrLine>6020 Emmenbrücke</AdrLine></PstlAdr></FinInstnId></DbtrAgt></RltdAgts><RmtInf><Strd><AddtlRmtInf>?REJECT?0</AddtlRmtInf><AddtlRmtInf>?ERROR?000</AddtlRmtInf></Strd></RmtInf><RltdDts><AccptncDtTm>2022-05-30T20:00:00</AccptncDtTm></RltdDts></TxDtls></NtryDtls><AddtlNtryInf>GUTSCHRIFT AUFTRAGGEBER: Dora Wanner Sternmattstrasse 8 6032 Emmen REFERENZEN: NOTPROVIDED 16619926835/6XXX 220530CH08R2ABW7</AddtlNtryInf></Ntry><Ntry><Amt Ccy="CHF">79.90</Amt><CdtDbtInd>CRDT</CdtDbtInd><RvslInd>false</RvslInd><Sts>BOOK</Sts><BookgDt><Dt>2022-05-30</Dt></BookgDt><ValDt><Dt>2022-05-30</Dt></ValDt><AcctSvcrRef>150220108QQKF1ZK</AcctSvcrRef><BkTxCd><Domn><Cd>PMNT</Cd><Fmly><Cd>RCDT</Cd><SubFmlyCd>AUTT</SubFmlyCd></Fmly></Domn></BkTxCd><NtryDtls><Btch><NbOfTxs>1</NbOfTxs></Btch><TxDtls><Refs><AcctSvcrRef>220527CH08QQKF1Z</AcctSvcrRef><InstrId>20220527000800480984652</InstrId><Prtry><Tp>00</Tp><Ref>220527CH08QQKF1Z</Ref></Prtry></Refs><Amt Ccy="CHF">79.90</Amt><CdtDbtInd>CRDT</CdtDbtInd><BkTxCd><Domn><Cd>PMNT</Cd><Fmly><Cd>RCDT</Cd><SubFmlyCd>AUTT</SubFmlyCd></Fmly></Domn></BkTxCd><RltdPties><Dbtr><Nm>Remagen Wegmüller, Bettina</Nm><PstlAdr><StrtNm>Pantelweg</StrtNm><BldgNb>15A</BldgNb><PstCd>4153</PstCd><TwnNm>Reinach BL</TwnNm><Ctry>CH</Ctry></PstlAdr></Dbtr><DbtrAcct><Id><IBAN>CH3109000000401403824</IBAN></Id></DbtrAcct><CdtrAcct><Id><IBAN>CH9209000000414939852</IBAN></Id></CdtrAcct></RltdPties><RltdAgts><DbtrAgt><FinInstnId><BICFI>POFICHBEXXX</BICFI><Nm>POSTFINANCE AG</Nm><PstlAdr><AdrLine>MINGERSTRASSE , 20</AdrLine><AdrLine>3030 BERN</AdrLine></PstlAdr></FinInstnId></DbtrAgt></RltdAgts><RmtInf><Ustrd>RE-8655</Ustrd><Strd><AddtlRmtInf>?REJECT?0</AddtlRmtInf><AddtlRmtInf>?ERROR?000</AddtlRmtInf></Strd></RmtInf><RltdDts><AccptncDtTm>2022-05-30T20:00:00</AccptncDtTm></RltdDts></TxDtls></NtryDtls><AddtlNtryInf>GUTSCHRIFT CH3109000000401403824 ABSENDER: Remagen Wegmüller, Bettina Pantelweg 15A 4153 Reinach BL MITTEILUNGEN: RE-8655</AddtlNtryInf></Ntry><Ntry><Amt Ccy="CHF">3499.82</Amt><CdtDbtInd>CRDT</CdtDbtInd><RvslInd>false</RvslInd><Sts>BOOK</Sts><BookgDt><Dt>2022-05-30</Dt></BookgDt><ValDt><Dt>2022-05-30</Dt></ValDt><AcctSvcrRef>150220008QL3XYPK</AcctSvcrRef><BkTxCd><Domn><Cd>PMNT</Cd><Fmly><Cd>RCDT</Cd><SubFmlyCd>AUTT</SubFmlyCd></Fmly></Domn></BkTxCd><NtryDtls><Btch><NbOfTxs>1</NbOfTxs></Btch><TxDtls><Refs><MsgId>TWINT20220525-101-Merchant</MsgId><AcctSvcrRef>220526CH08QL3XYP</AcctSvcrRef><PmtInfId>TWINT20220525-101-Merchant-B1</PmtInfId><InstrId>960dc1ee0dd143cc9418a9460051eae9</InstrId><EndToEndId>TWINT20220525-101-Merchant-B1</EndToEndId><Prtry><Tp>00</Tp><Ref>220526CH08QL3XYP</Ref></Prtry></Refs><Amt Ccy="CHF">3499.82</Amt><CdtDbtInd>CRDT</CdtDbtInd><BkTxCd><Domn><Cd>PMNT</Cd><Fmly><Cd>RCDT</Cd><SubFmlyCd>AUTT</SubFmlyCd></Fmly></Domn></BkTxCd><RltdPties><Dbtr><Nm>TWINT Acquiring AG</Nm><PstlAdr><StrtNm>Stauffacherstrasse</StrtNm><BldgNb>41</BldgNb><PstCd>8004</PstCd><TwnNm>Zürich</TwnNm><Ctry>CH</Ctry></PstlAdr></Dbtr><DbtrAcct><Id><IBAN>CH6609000000313087410</IBAN></Id></DbtrAcct><CdtrAcct><Id><IBAN>CH9209000000414939852</IBAN></Id></CdtrAcct></RltdPties><RltdAgts><DbtrAgt><FinInstnId><BICFI>POFICHBEXXX</BICFI><Nm>POSTFINANCE AG</Nm><PstlAdr><AdrLine>MINGERSTRASSE , 20</AdrLine><AdrLine>3030 BERN</AdrLine></PstlAdr></FinInstnId></DbtrAgt></RltdAgts><RmtInf><Ustrd>999999 TWINT TWINT Auszahlungen Pay</Ustrd><Ustrd>out 20220526                       </Ustrd><Ustrd>   Gross: 3545.92 Fees: -46.10</Ustrd><Strd><AddtlRmtInf>?REJECT?0</AddtlRmtInf><AddtlRmtInf>?ERROR?000</AddtlRmtInf></Strd></RmtInf><RltdDts><AccptncDtTm>2022-05-27T20:00:00</AccptncDtTm></RltdDts></TxDtls></NtryDtls><AddtlNtryInf>GUTSCHRIFT CH6609000000313087410 ABSENDER: TWINT Acquiring AG Stauffacherstrasse 41 8004 Zürich MITTEILUNGEN: 999999 TWINT TWINT Auszahlungen Pay out 20220526                           Gross: 3545.92 Fees: -46.10 REFERENZEN: TWINT20220525-101-Merchant-B1</AddtlNtryInf></Ntry><Ntry><Amt Ccy="CHF">59.90</Amt><CdtDbtInd>CRDT</CdtDbtInd><RvslInd>false</RvslInd><Sts>BOOK</Sts><BookgDt><Dt>2022-05-30</Dt></BookgDt><ValDt><Dt>2022-05-30</Dt></ValDt><AcctSvcrRef>150220108R3A6ZQK</AcctSvcrRef><BkTxCd><Domn><Cd>PMNT</Cd><Fmly><Cd>RCDT</Cd><SubFmlyCd>ATXN</SubFmlyCd></Fmly></Domn></BkTxCd><NtryDtls><Btch><NbOfTxs>1</NbOfTxs></Btch><TxDtls><Refs><AcctSvcrRef>220530CH08R3A6ZQ</AcctSvcrRef><InstrId>16620312492/4XXX</InstrId><EndToEndId>NOTPROVIDED</EndToEndId><Prtry><Tp>00</Tp><Ref>220530CH08R3A6ZQ</Ref></Prtry></Refs><Amt Ccy="CHF">59.90</Amt><CdtDbtInd>CRDT</CdtDbtInd><BkTxCd><Domn><Cd>PMNT</Cd><Fmly><Cd>RCDT</Cd><SubFmlyCd>ATXN</SubFmlyCd></Fmly></Domn></BkTxCd><RltdPties><Dbtr><Nm>Emmanuel Huesler</Nm><PstlAdr><AdrLine>Goldschruetifeld 4</AdrLine><AdrLine>6017 Ruswil</AdrLine></PstlAdr></Dbtr><DbtrAcct><Id><IBAN>CH5980808007027276465</IBAN></Id></DbtrAcct><CdtrAcct><Id><IBAN>CH9209000000414939852</IBAN></Id></CdtrAcct></RltdPties><RltdAgts><DbtrAgt><FinInstnId><ClrSysMmbId><MmbId>81165</MmbId></ClrSysMmbId><Nm>Raiffeisenbank Pilatus</Nm><PstlAdr><AdrLine>Luzernerstrasse 4/6</AdrLine><AdrLine>6010 Kriens</AdrLine></PstlAdr></FinInstnId></DbtrAgt></RltdAgts><RmtInf><Strd><AddtlRmtInf>?REJECT?0</AddtlRmtInf><AddtlRmtInf>?ERROR?000</AddtlRmtInf></Strd></RmtInf><RltdDts><AccptncDtTm>2022-05-30T20:00:00</AccptncDtTm></RltdDts></TxDtls></NtryDtls><AddtlNtryInf>GUTSCHRIFT AUFTRAGGEBER: Emmanuel Huesler Goldschruetifeld 4 6017 Ruswil REFERENZEN: NOTPROVIDED 16620312492/4XXX 220530CH08R3A6ZQ</AddtlNtryInf></Ntry><Ntry><Amt Ccy="CHF">829.00</Amt><CdtDbtInd>CRDT</CdtDbtInd><RvslInd>false</RvslInd><Sts>BOOK</Sts><BookgDt><Dt>2022-05-30</Dt></BookgDt><ValDt><Dt>2022-05-30</Dt></ValDt><AcctSvcrRef>150220108R3OPK7K</AcctSvcrRef><BkTxCd><Domn><Cd>PMNT</Cd><Fmly><Cd>RCDT</Cd><SubFmlyCd>ATXN</SubFmlyCd></Fmly></Domn></BkTxCd><NtryDtls><Btch><NbOfTxs>1</NbOfTxs></Btch><TxDtls><Refs><AcctSvcrRef>220530CH08R3OPK7</AcctSvcrRef><InstrId>1229117925/1XXXX</InstrId><EndToEndId>NOTPROVIDED</EndToEndId><Prtry><Tp>00</Tp><Ref>220530CH08R3OPK7</Ref></Prtry></Refs><Amt Ccy="CHF">829.00</Amt><CdtDbtInd>CRDT</CdtDbtInd><BkTxCd><Domn><Cd>PMNT</Cd><Fmly><Cd>RCDT</Cd><SubFmlyCd>ATXN</SubFmlyCd></Fmly></Domn></BkTxCd><RltdPties><Dbtr><Nm>Nicola Fanelli</Nm><PstlAdr><AdrLine>Rietliwiesstrasse 24</AdrLine><AdrLine>CH-9463 Oberriet SG</AdrLine></PstlAdr></Dbtr><DbtrAcct><Id><IBAN>CH8000781021196942000</IBAN></Id></DbtrAcct><CdtrAcct><Id><IBAN>CH9209000000414939852</IBAN></Id></CdtrAcct></RltdPties><RltdAgts><DbtrAgt><FinInstnId><ClrSysMmbId><MmbId>781</MmbId></ClrSysMmbId><Nm>St. Galler Kantonalbank AG</Nm><PstlAdr><AdrLine>9001 St. Gallen</AdrLine></PstlAdr></FinInstnId></DbtrAgt></RltdAgts><RmtInf><Ustrd>RE-78995 </Ustrd><Strd><AddtlRmtInf>?REJECT?0</AddtlRmtInf><AddtlRmtInf>?ERROR?000</AddtlRmtInf></Strd></RmtInf><RltdDts><AccptncDtTm>2022-05-30T20:00:00</AccptncDtTm></RltdDts></TxDtls></NtryDtls><AddtlNtryInf>GUTSCHRIFT AUFTRAGGEBER: Nicola Fanelli Rietliwiesstrasse 24 CH-9463 Oberriet SG MITTEILUNGEN: RE-78995  REFERENZEN: NOTPROVIDED 1229117925/1XXXX 220530CH08R3OPK7</AddtlNtryInf></Ntry><Ntry><Amt Ccy="CHF">1077.00</Amt><CdtDbtInd>CRDT</CdtDbtInd><RvslInd>false</RvslInd><Sts>BOOK</Sts><BookgDt><Dt>2022-05-30</Dt></BookgDt><ValDt><Dt>2022-05-30</Dt></ValDt><AcctSvcrRef>150220108R3OWJAK</AcctSvcrRef><BkTxCd><Domn><Cd>PMNT</Cd><Fmly><Cd>RCDT</Cd><SubFmlyCd>ATXN</SubFmlyCd></Fmly></Domn></BkTxCd><NtryDtls><Btch><NbOfTxs>1</NbOfTxs></Btch><TxDtls><Refs><AcctSvcrRef>220530CH08R3OWJA</AcctSvcrRef><InstrId>20529354865.0001</InstrId><EndToEndId>NOTPROVIDED</EndToEndId><Prtry><Tp>00</Tp><Ref>220530CH08R3OWJA</Ref></Prtry></Refs><Amt Ccy="CHF">1077.00</Amt><CdtDbtInd>CRDT</CdtDbtInd><BkTxCd><Domn><Cd>PMNT</Cd><Fmly><Cd>RCDT</Cd><SubFmlyCd>ATXN</SubFmlyCd></Fmly></Domn></BkTxCd><RltdPties><Dbtr><Nm>Haefeli + Schroeder</Nm><PstlAdr><AdrLine>Financial Lines AG</AdrLine><AdrLine>Rebstockstrasse 4</AdrLine></PstlAdr></Dbtr><DbtrAcct><Id><IBAN>CH4900777008783414609</IBAN></Id></DbtrAcct><CdtrAcct><Id><IBAN>CH9209000000414939852</IBAN></Id></CdtrAcct></RltdPties><RltdAgts><DbtrAgt><FinInstnId><ClrSysMmbId><MmbId>777</MmbId></ClrSysMmbId><Nm>Schwyzer Kantonalbank</Nm><PstlAdr><AdrLine>Bahnhofstrasse 3</AdrLine><AdrLine>6431 Schwyz</AdrLine></PstlAdr></FinInstnId></DbtrAgt></RltdAgts><RmtInf><Ustrd>Rechnung RE-86782</Ustrd><Strd><AddtlRmtInf>?REJECT?0</AddtlRmtInf><AddtlRmtInf>?ERROR?000</AddtlRmtInf></Strd></RmtInf><RltdDts><AccptncDtTm>2022-05-30T20:00:00</AccptncDtTm></RltdDts></TxDtls></NtryDtls><AddtlNtryInf>GUTSCHRIFT AUFTRAGGEBER: Haefeli + Schroeder Financial Lines AG                  Rebstockstrasse 4 MITTEILUNGEN: Rechnung RE-86782 REFERENZEN: NOTPROVIDED 20529354865.0001 220530CH08R3OWJA</AddtlNtryInf></Ntry><Ntry><Amt Ccy="CHF">970.20</Amt><CdtDbtInd>CRDT</CdtDbtInd><RvslInd>false</RvslInd><Sts>BOOK</Sts><BookgDt><Dt>2022-05-30</Dt></BookgDt><ValDt><Dt>2022-05-30</Dt></ValDt><AcctSvcrRef>150220108R4R2QBK</AcctSvcrRef><BkTxCd><Domn><Cd>PMNT</Cd><Fmly><Cd>RCDT</Cd><SubFmlyCd>ATXN</SubFmlyCd></Fmly></Domn></BkTxCd><NtryDtls><Btch><NbOfTxs>1</NbOfTxs></Btch><TxDtls><Refs><AcctSvcrRef>220530CH08R4R2QB</AcctSvcrRef><InstrId>LON03227742195</InstrId><EndToEndId>NOTPROVIDED</EndToEndId><Prtry><Tp>00</Tp><Ref>220530CH08R4R2QB</Ref></Prtry></Refs><Amt Ccy="CHF">970.20</Amt><CdtDbtInd>CRDT</CdtDbtInd><BkTxCd><Domn><Cd>PMNT</Cd><Fmly><Cd>RCDT</Cd><SubFmlyCd>ATXN</SubFmlyCd></Fmly></Domn></BkTxCd><RltdPties><Dbtr><Nm>STRIPE PAYMENTS UK LTD</Nm><PstlAdr><AdrLine>9TH FLOOR, 107 CHEAPSIDE GB - LONDO</AdrLine><AdrLine>N EC2V 6DN</AdrLine></PstlAdr></Dbtr><DbtrAcct><Id><IBAN>DK6289000000010375</IBAN></Id></DbtrAcct><CdtrAcct><Id><IBAN>CH9209000000414939852</IBAN></Id></CdtrAcct></RltdPties><RltdAgts><DbtrAgt><FinInstnId><BICFI>CITIGB2LXXX</BICFI><Nm>CITIBANK N.A.</Nm><PstlAdr><AdrLine>CITIBANK CENTRE25 CANADA SQUARE</AdrLine><AdrLine>E14 5LB LONDON</AdrLine></PstlAdr></FinInstnId></DbtrAgt></RltdAgts><RmtInf><Ustrd>STRIPE E0D0Q7</Ustrd><Strd><AddtlRmtInf>?REJECT?0</AddtlRmtInf><AddtlRmtInf>?ERROR?000</AddtlRmtInf></Strd></RmtInf><RltdDts><AccptncDtTm>2022-05-30T20:00:00</AccptncDtTm></RltdDts></TxDtls></NtryDtls><AddtlNtryInf>GUTSCHRIFT AUFTRAGGEBER: STRIPE PAYMENTS UK LTD 9TH FLOOR, 107 CHEAPSIDE GB - LONDO N EC2V 6DN MITTEILUNGEN: STRIPE E0D0Q7 SPESENBETRAG 0.00 CHF SHA REFERENZEN: NOTPROVIDED LON03227742195 220530CH08R4R2QB</AddtlNtryInf></Ntry><Ntry><Amt Ccy="CHF">769.00</Amt><CdtDbtInd>CRDT</CdtDbtInd><RvslInd>false</RvslInd><Sts>BOOK</Sts><BookgDt><Dt>2022-05-30</Dt></BookgDt><ValDt><Dt>2022-05-30</Dt></ValDt><AcctSvcrRef>150220108R5LF8ZK</AcctSvcrRef><BkTxCd><Domn><Cd>PMNT</Cd><Fmly><Cd>RCDT</Cd><SubFmlyCd>ATXN</SubFmlyCd></Fmly></Domn></BkTxCd><NtryDtls><Btch><NbOfTxs>1</NbOfTxs></Btch><TxDtls><Refs><AcctSvcrRef>220530CH08R5LF8Z</AcctSvcrRef><InstrId>795004292/P08/E</InstrId><EndToEndId>NOTPROVIDED</EndToEndId><Prtry><Tp>00</Tp><Ref>220530CH08R5LF8Z</Ref></Prtry></Refs><Amt Ccy="CHF">769.00</Amt><CdtDbtInd>CRDT</CdtDbtInd><BkTxCd><Domn><Cd>PMNT</Cd><Fmly><Cd>RCDT</Cd><SubFmlyCd>ATXN</SubFmlyCd></Fmly></Domn></BkTxCd><RltdPties><Dbtr><Nm>lic. iur. Benno Widmer</Nm><PstlAdr><AdrLine>Haus zum Raben Aeschenvorstadt 15</AdrLine><AdrLine>CH-4051 Basel</AdrLine></PstlAdr></Dbtr><DbtrAcct><Id><IBAN>CH2200770016046867207</IBAN></Id></DbtrAcct><CdtrAcct><Id><IBAN>CH9209000000414939852</IBAN></Id></CdtrAcct></RltdPties><RltdAgts><DbtrAgt><FinInstnId><ClrSysMmbId><MmbId>770</MmbId></ClrSysMmbId><Nm>Basler Kantonalbank</Nm><PstlAdr><AdrLine>Aeschen</AdrLine><AdrLine>4002 Basel</AdrLine></PstlAdr></FinInstnId></DbtrAgt></RltdAgts><RmtInf><Ustrd>RE-85692</Ustrd><Strd><AddtlRmtInf>?REJECT?0</AddtlRmtInf><AddtlRmtInf>?ERROR?000</AddtlRmtInf></Strd></RmtInf><RltdDts><AccptncDtTm>2022-05-30T20:00:00</AccptncDtTm></RltdDts></TxDtls></NtryDtls><AddtlNtryInf>GUTSCHRIFT AUFTRAGGEBER: lic. iur. Benno Widmer Haus zum Raben Aeschenvorstadt 15 CH-4051 Basel MITTEILUNGEN: RE-85692 REFERENZEN: NOTPROVIDED 795004292/P08/E 220530CH08R5LF8Z</AddtlNtryInf></Ntry><Ntry><Amt Ccy="CHF">2246.20</Amt><CdtDbtInd>CRDT</CdtDbtInd><RvslInd>false</RvslInd><Sts>BOOK</Sts><BookgDt><Dt>2022-05-30</Dt></BookgDt><ValDt><Dt>2022-05-30</Dt></ValDt><AcctSvcrRef>150220008QP8N4AK</AcctSvcrRef><BkTxCd><Domn><Cd>PMNT</Cd><Fmly><Cd>RCDT</Cd><SubFmlyCd>AUTT</SubFmlyCd></Fmly></Domn></BkTxCd><NtryDtls><Btch><NbOfTxs>1</NbOfTxs></Btch><TxDtls><Refs><MsgId>TWINT20220526-101-Merchant</MsgId><AcctSvcrRef>220527CH08QP8N4A</AcctSvcrRef><PmtInfId>TWINT20220526-101-Merchant-B1</PmtInfId><InstrId>190e4829a8d2452c9cc67459bcc68df1</InstrId><EndToEndId>TWINT20220526-101-Merchant-B1</EndToEndId><Prtry><Tp>00</Tp><Ref>220527CH08QP8N4A</Ref></Prtry></Refs><Amt Ccy="CHF">2246.20</Amt><CdtDbtInd>CRDT</CdtDbtInd><BkTxCd><Domn><Cd>PMNT</Cd><Fmly><Cd>RCDT</Cd><SubFmlyCd>AUTT</SubFmlyCd></Fmly></Domn></BkTxCd><RltdPties><Dbtr><Nm>TWINT Acquiring AG</Nm><PstlAdr><StrtNm>Stauffacherstrasse</StrtNm><BldgNb>41</BldgNb><PstCd>8004</PstCd><TwnNm>Zürich</TwnNm><Ctry>CH</Ctry></PstlAdr></Dbtr><DbtrAcct><Id><IBAN>CH6609000000313087410</IBAN></Id></DbtrAcct><CdtrAcct><Id><IBAN>CH9209000000414939852</IBAN></Id></CdtrAcct></RltdPties><RltdAgts><DbtrAgt><FinInstnId><BICFI>POFICHBEXXX</BICFI><Nm>POSTFINANCE AG</Nm><PstlAdr><AdrLine>MINGERSTRASSE , 20</AdrLine><AdrLine>3030 BERN</AdrLine></PstlAdr></FinInstnId></DbtrAgt></RltdAgts><RmtInf><Ustrd>999999 TWINT TWINT Auszahlungen Pay</Ustrd><Ustrd>out 20220527                       </Ustrd><Ustrd>   Gross: 2275.80 Fees: -29.60</Ustrd><Strd><AddtlRmtInf>?REJECT?0</AddtlRmtInf><AddtlRmtInf>?ERROR?000</AddtlRmtInf></Strd></RmtInf><RltdDts><AccptncDtTm>2022-05-30T20:00:00</AccptncDtTm></RltdDts></TxDtls></NtryDtls><AddtlNtryInf>GUTSCHRIFT CH6609000000313087410 ABSENDER: TWINT Acquiring AG Stauffacherstrasse 41 8004 Zürich MITTEILUNGEN: 999999 TWINT TWINT Auszahlungen Pay out 20220527                           Gross: 2275.80 Fees: -29.60 REFERENZEN: TWINT20220526-101-Merchant-B1</AddtlNtryInf></Ntry><Ntry><NtryRef>CH4330000001414939852</NtryRef><Amt Ccy="CHF">20453.54</Amt><CdtDbtInd>CRDT</CdtDbtInd><RvslInd>false</RvslInd><Sts>BOOK</Sts><BookgDt><Dt>2022-05-30</Dt></BookgDt><ValDt><Dt>2022-05-30</Dt></ValDt><AcctSvcrRef>150220008R9VBNEU</AcctSvcrRef><BkTxCd><Domn><Cd>PMNT</Cd><Fmly><Cd>RCDT</Cd><SubFmlyCd>VCOM</SubFmlyCd></Fmly></Domn></BkTxCd><Chrgs><TtlChrgsAndTaxAmt Ccy="CHF">15.99</TtlChrgsAndTaxAmt><Rcrd><Amt Ccy="CHF">15.15</Amt><CdtDbtInd>DBIT</CdtDbtInd><ChrgInclInd>false</ChrgInclInd><Tp><Prtry><Id>2</Id></Prtry></Tp></Rcrd><Rcrd><Amt Ccy="CHF">0.80</Amt><CdtDbtInd>DBIT</CdtDbtInd><ChrgInclInd>false</ChrgInclInd><Tp><Prtry><Id>5</Id></Prtry></Tp></Rcrd><Rcrd><Amt Ccy="CHF">0.04</Amt><CdtDbtInd>DBIT</CdtDbtInd><ChrgInclInd>false</ChrgInclInd><Tp><Prtry><Id>4</Id></Prtry></Tp></Rcrd></Chrgs><NtryDtls><TxDtls><Refs><AcctSvcrRef>150220008R9VBNEU</AcctSvcrRef></Refs><Amt Ccy="CHF">20453.54</Amt><CdtDbtInd>CRDT</CdtDbtInd></TxDtls></NtryDtls><AddtlNtryInf>SAMMELGUTSCHRIFT FÜR KONTO: CH4330000001414939852 VERARBEITUNG VOM 30.05.2022 PAKET ID: 220530CH000008HF</AddtlNtryInf></Ntry><Ntry><Amt Ccy="CHF">149.90</Amt><CdtDbtInd>CRDT</CdtDbtInd><RvslInd>false</RvslInd><Sts>BOOK</Sts><BookgDt><Dt>2022-05-30</Dt></BookgDt><ValDt><Dt>2022-05-30</Dt></ValDt><AcctSvcrRef>1502400054110835</AcctSvcrRef><BkTxCd><Domn><Cd>PMNT</Cd><Fmly><Cd>MCRD</Cd><SubFmlyCd>POSP</SubFmlyCd></Fmly></Domn></BkTxCd><NtryDtls><TxDtls><Refs><AcctSvcrRef>1502400054110835</AcctSvcrRef></Refs><Amt Ccy="CHF">149.90</Amt><CdtDbtInd>CRDT</CdtDbtInd></TxDtls></NtryDtls><AddtlNtryInf>GUTSCHRIFT E-PAYMENT-TRANSAKTIONEN POSTFINANCE CARD EINLIEFERUNG VOM 29.05.2022 eversmart products Handels GmbH PFAQ08TT0000001 www.smile-spa.ch</AddtlNtryInf></Ntry></Stmt></BkToCstmrStmt></Document>
