<?xml version="1.0" encoding="UTF-8"?>
<Document xmlns="urn:iso:std:iso:20022:tech:xsd:camt.053.001.04" xmlns:xsi="http://www.w3.org/2001/XMLSchema-instance" xsi:schemaLocation="urn:iso:std:iso:20022:tech:xsd:camt.053.001.04 camt.053.001.04.xsd"><BkToCstmrStmt><GrpHdr><MsgId>20221003375204944230689</MsgId><CreDtTm>2022-10-04T04:11:01</CreDtTm><MsgPgntn><PgNb>1</PgNb><LastPgInd>true</LastPgInd></MsgPgntn><AddtlInf>SPS/1.7/PROD</AddtlInf></GrpHdr><Stmt><Id>20221004375204944230714</Id><ElctrncSeqNb>193</ElctrncSeqNb><CreDtTm>2022-10-04T04:11:01</CreDtTm><FrToDt><FrDtTm>2022-10-01T00:00:00</FrDtTm><ToDtTm>2022-10-03T23:59:59</ToDtTm></FrToDt><Acct><Id><IBAN>CH9209000000414939852</IBAN></Id><Ownr><Nm>eversmart products Handels GmbH Pfäffikon SZ</Nm></Ownr></Acct><Bal><Tp><CdOrPrtry><Cd>OPBD</Cd></CdOrPrtry></Tp><Amt Ccy="CHF">52338.40</Amt><CdtDbtInd>CRDT</CdtDbtInd><Dt><Dt>2022-10-01</Dt></Dt></Bal><Bal><Tp><CdOrPrtry><Cd>CLBD</Cd></CdOrPrtry></Tp><Amt Ccy="CHF">32979.69</Amt><CdtDbtInd>CRDT</CdtDbtInd><Dt><Dt>2022-10-03</Dt></Dt></Bal><Bal><Tp><CdOrPrtry><Cd>CLAV</Cd></CdOrPrtry></Tp><Amt Ccy="CHF">32979.69</Amt><CdtDbtInd>CRDT</CdtDbtInd><Dt><Dt>2022-10-03</Dt></Dt></Bal><Ntry><Amt Ccy="CHF">49.80</Amt><CdtDbtInd>CRDT</CdtDbtInd><RvslInd>false</RvslInd><Sts>BOOK</Sts><BookgDt><Dt>2022-10-01</Dt></BookgDt><ValDt><Dt>2022-10-03</Dt></ValDt><AcctSvcrRef>2742400250154903</AcctSvcrRef><BkTxCd><Domn><Cd>PMNT</Cd><Fmly><Cd>MCRD</Cd><SubFmlyCd>POSP</SubFmlyCd></Fmly></Domn></BkTxCd><NtryDtls><TxDtls><Refs><AcctSvcrRef>2742400250154903</AcctSvcrRef></Refs><Amt Ccy="CHF">49.80</Amt><CdtDbtInd>CRDT</CdtDbtInd></TxDtls></NtryDtls><AddtlNtryInf>GUTSCHRIFT E-PAYMENT-TRANSAKTIONEN POSTFINANCE CARD EINLIEFERUNG VOM 30.09.2022 EVERSMART PRODUCTS HANDELS GMBH PFAQ08RZ0000001 WWW.HAPPYSMELL.CH</AddtlNtryInf></Ntry><Ntry><Amt Ccy="CHF">2.73</Amt><CdtDbtInd>DBIT</CdtDbtInd><RvslInd>false</RvslInd><Sts>BOOK</Sts><BookgDt><Dt>2022-10-01</Dt></BookgDt><ValDt><Dt>2022-10-03</Dt></ValDt><AcctSvcrRef>2742400251327953</AcctSvcrRef><BkTxCd><Domn><Cd>PMNT</Cd><Fmly><Cd>CCRD</Cd><SubFmlyCd>CHRG</SubFmlyCd></Fmly></Domn></BkTxCd><NtryDtls><TxDtls><Refs><AcctSvcrRef>2742400251327953</AcctSvcrRef></Refs><Amt Ccy="CHF">2.73</Amt><CdtDbtInd>DBIT</CdtDbtInd></TxDtls></NtryDtls><AddtlNtryInf>PREIS FÜR E-PAYMENT POSTFINANCE CARD AB CHF 25.01 (EUR 17.01) WWW.AIR-HALLUX.CH ANZAHL TRANSAKTIONEN: 3 UMSATZ CHF 209.70 SEPTEMBER 2022</AddtlNtryInf></Ntry><Ntry><Amt Ccy="CHF">1.10</Amt><CdtDbtInd>DBIT</CdtDbtInd><RvslInd>false</RvslInd><Sts>BOOK</Sts><BookgDt><Dt>2022-10-01</Dt></BookgDt><ValDt><Dt>2022-10-03</Dt></ValDt><AcctSvcrRef>2742400251328942</AcctSvcrRef><BkTxCd><Domn><Cd>PMNT</Cd><Fmly><Cd>CCRD</Cd><SubFmlyCd>CHRG</SubFmlyCd></Fmly></Domn></BkTxCd><NtryDtls><TxDtls><Refs><AcctSvcrRef>2742400251328942</AcctSvcrRef></Refs><Amt Ccy="CHF">1.10</Amt><CdtDbtInd>DBIT</CdtDbtInd></TxDtls></NtryDtls><AddtlNtryInf>PREIS FÜR E-PAYMENT POSTFINANCE CARD AB CHF 25.01 (EUR 17.01) WWW.FIEBERCHECK.CH ANZAHL TRANSAKTIONEN: 1 UMSATZ CHF 84.80 SEPTEMBER 2022</AddtlNtryInf></Ntry><Ntry><Amt Ccy="CHF">6.88</Amt><CdtDbtInd>DBIT</CdtDbtInd><RvslInd>false</RvslInd><Sts>BOOK</Sts><BookgDt><Dt>2022-10-01</Dt></BookgDt><ValDt><Dt>2022-10-03</Dt></ValDt><AcctSvcrRef>2742400251334735</AcctSvcrRef><BkTxCd><Domn><Cd>PMNT</Cd><Fmly><Cd>CCRD</Cd><SubFmlyCd>CHRG</SubFmlyCd></Fmly></Domn></BkTxCd><NtryDtls><TxDtls><Refs><AcctSvcrRef>2742400251334735</AcctSvcrRef></Refs><Amt Ccy="CHF">6.88</Amt><CdtDbtInd>DBIT</CdtDbtInd></TxDtls></NtryDtls><AddtlNtryInf>PREIS FÜR E-PAYMENT POSTFINANCE E-FINANCE AB CHF 25.01 (EUR 17.01) WWW.EPIC-AIRTRACK.CH ANZAHL TRANSAKTIONEN: 1 UMSATZ CHF 529.00 SEPTEMBER 2022</AddtlNtryInf></Ntry><Ntry><Amt Ccy="CHF">4.15</Amt><CdtDbtInd>DBIT</CdtDbtInd><RvslInd>false</RvslInd><Sts>BOOK</Sts><BookgDt><Dt>2022-10-01</Dt></BookgDt><ValDt><Dt>2022-10-03</Dt></ValDt><AcctSvcrRef>2742400251327065</AcctSvcrRef><BkTxCd><Domn><Cd>PMNT</Cd><Fmly><Cd>CCRD</Cd><SubFmlyCd>CHRG</SubFmlyCd></Fmly></Domn></BkTxCd><NtryDtls><TxDtls><Refs><AcctSvcrRef>2742400251327065</AcctSvcrRef></Refs><Amt Ccy="CHF">4.15</Amt><CdtDbtInd>DBIT</CdtDbtInd></TxDtls></NtryDtls><AddtlNtryInf>PREIS FÜR E-PAYMENT POSTFINANCE CARD AB CHF 25.01 (EUR 17.01) HTTPS://VALGUSMED.CH/ ANZAHL TRANSAKTIONEN: 3 UMSATZ CHF 319.60 SEPTEMBER 2022</AddtlNtryInf></Ntry><Ntry><Amt Ccy="CHF">0.60</Amt><CdtDbtInd>DBIT</CdtDbtInd><RvslInd>false</RvslInd><Sts>BOOK</Sts><BookgDt><Dt>2022-10-01</Dt></BookgDt><ValDt><Dt>2022-10-03</Dt></ValDt><AcctSvcrRef>2742400251331902</AcctSvcrRef><BkTxCd><Domn><Cd>PMNT</Cd><Fmly><Cd>CCRD</Cd><SubFmlyCd>CHRG</SubFmlyCd></Fmly></Domn></BkTxCd><NtryDtls><TxDtls><Refs><AcctSvcrRef>2742400251331902</AcctSvcrRef></Refs><Amt Ccy="CHF">0.60</Amt><CdtDbtInd>DBIT</CdtDbtInd></TxDtls></NtryDtls><AddtlNtryInf>PREIS FÜR E-PAYMENT POSTFINANCE CARD AB CHF 25.01 (EUR 17.01) WWW.ROADTRIP77.CH ANZAHL TRANSAKTIONEN: 1 UMSATZ CHF 45.80 SEPTEMBER 2022</AddtlNtryInf></Ntry><Ntry><Amt Ccy="CHF">0.91</Amt><CdtDbtInd>DBIT</CdtDbtInd><RvslInd>false</RvslInd><Sts>BOOK</Sts><BookgDt><Dt>2022-10-01</Dt></BookgDt><ValDt><Dt>2022-10-03</Dt></ValDt><AcctSvcrRef>2742400251333242</AcctSvcrRef><BkTxCd><Domn><Cd>PMNT</Cd><Fmly><Cd>CCRD</Cd><SubFmlyCd>CHRG</SubFmlyCd></Fmly></Domn></BkTxCd><NtryDtls><TxDtls><Refs><AcctSvcrRef>2742400251333242</AcctSvcrRef></Refs><Amt Ccy="CHF">0.91</Amt><CdtDbtInd>DBIT</CdtDbtInd></TxDtls></NtryDtls><AddtlNtryInf>PREIS FÜR E-PAYMENT POSTFINANCE CARD AB CHF 25.01 (EUR 17.01) HTTPS://WOMANCARE-CUP.CH ANZAHL TRANSAKTIONEN: 1 UMSATZ CHF 69.90 SEPTEMBER 2022</AddtlNtryInf></Ntry><Ntry><Amt Ccy="CHF">1.04</Amt><CdtDbtInd>DBIT</CdtDbtInd><RvslInd>false</RvslInd><Sts>BOOK</Sts><BookgDt><Dt>2022-10-01</Dt></BookgDt><ValDt><Dt>2022-10-03</Dt></ValDt><AcctSvcrRef>2742400251321850</AcctSvcrRef><BkTxCd><Domn><Cd>PMNT</Cd><Fmly><Cd>CCRD</Cd><SubFmlyCd>CHRG</SubFmlyCd></Fmly></Domn></BkTxCd><NtryDtls><TxDtls><Refs><AcctSvcrRef>2742400251321850</AcctSvcrRef></Refs><Amt Ccy="CHF">1.04</Amt><CdtDbtInd>DBIT</CdtDbtInd></TxDtls></NtryDtls><AddtlNtryInf>PREIS FÜR E-PAYMENT POSTFINANCE CARD AB CHF 25.01 (EUR 17.01) HTTPS://KNIRSCHFREI.CH ANZAHL TRANSAKTIONEN: 1 UMSATZ CHF 79.90 SEPTEMBER 2022</AddtlNtryInf></Ntry><Ntry><Amt Ccy="CHF">1.30</Amt><CdtDbtInd>DBIT</CdtDbtInd><RvslInd>false</RvslInd><Sts>BOOK</Sts><BookgDt><Dt>2022-10-01</Dt></BookgDt><ValDt><Dt>2022-10-03</Dt></ValDt><AcctSvcrRef>2742400251330457</AcctSvcrRef><BkTxCd><Domn><Cd>PMNT</Cd><Fmly><Cd>CCRD</Cd><SubFmlyCd>CHRG</SubFmlyCd></Fmly></Domn></BkTxCd><NtryDtls><TxDtls><Refs><AcctSvcrRef>2742400251330457</AcctSvcrRef></Refs><Amt Ccy="CHF">1.30</Amt><CdtDbtInd>DBIT</CdtDbtInd></TxDtls></NtryDtls><AddtlNtryInf>PREIS FÜR E-PAYMENT POSTFINANCE E-FINANCE AB CHF 25.01 (EUR 17.01) HTTPS://KNIRSCHFREI.CH ANZAHL TRANSAKTIONEN: 1 UMSATZ CHF 99.90 SEPTEMBER 2022</AddtlNtryInf></Ntry><Ntry><Amt Ccy="CHF">2.08</Amt><CdtDbtInd>DBIT</CdtDbtInd><RvslInd>false</RvslInd><Sts>BOOK</Sts><BookgDt><Dt>2022-10-01</Dt></BookgDt><ValDt><Dt>2022-10-03</Dt></ValDt><AcctSvcrRef>2742400251349271</AcctSvcrRef><BkTxCd><Domn><Cd>PMNT</Cd><Fmly><Cd>CCRD</Cd><SubFmlyCd>CHRG</SubFmlyCd></Fmly></Domn></BkTxCd><NtryDtls><TxDtls><Refs><AcctSvcrRef>2742400251349271</AcctSvcrRef></Refs><Amt Ccy="CHF">2.08</Amt><CdtDbtInd>DBIT</CdtDbtInd></TxDtls></NtryDtls><AddtlNtryInf>PREIS FÜR E-PAYMENT POSTFINANCE CARD AB CHF 25.01 (EUR 17.01) WWW.AUGENGOLD.CH ANZAHL TRANSAKTIONEN: 1 UMSATZ CHF 159.70 SEPTEMBER 2022</AddtlNtryInf></Ntry><Ntry><Amt Ccy="CHF">2.52</Amt><CdtDbtInd>DBIT</CdtDbtInd><RvslInd>false</RvslInd><Sts>BOOK</Sts><BookgDt><Dt>2022-10-01</Dt></BookgDt><ValDt><Dt>2022-10-03</Dt></ValDt><AcctSvcrRef>2742400251344319</AcctSvcrRef><BkTxCd><Domn><Cd>PMNT</Cd><Fmly><Cd>CCRD</Cd><SubFmlyCd>CHRG</SubFmlyCd></Fmly></Domn></BkTxCd><NtryDtls><TxDtls><Refs><AcctSvcrRef>2742400251344319</AcctSvcrRef></Refs><Amt Ccy="CHF">2.52</Amt><CdtDbtInd>DBIT</CdtDbtInd></TxDtls></NtryDtls><AddtlNtryInf>PREIS FÜR E-PAYMENT POSTFINANCE CARD AB CHF 25.01 (EUR 17.01) HTTPS://WWW.SANACLIP.CH ANZAHL TRANSAKTIONEN: 3 UMSATZ CHF 193.60 SEPTEMBER 2022</AddtlNtryInf></Ntry><Ntry><Amt Ccy="CHF">1.94</Amt><CdtDbtInd>DBIT</CdtDbtInd><RvslInd>false</RvslInd><Sts>BOOK</Sts><BookgDt><Dt>2022-10-01</Dt></BookgDt><ValDt><Dt>2022-10-03</Dt></ValDt><AcctSvcrRef>2742400251352397</AcctSvcrRef><BkTxCd><Domn><Cd>PMNT</Cd><Fmly><Cd>CCRD</Cd><SubFmlyCd>CHRG</SubFmlyCd></Fmly></Domn></BkTxCd><NtryDtls><TxDtls><Refs><AcctSvcrRef>2742400251352397</AcctSvcrRef></Refs><Amt Ccy="CHF">1.94</Amt><CdtDbtInd>DBIT</CdtDbtInd></TxDtls></NtryDtls><AddtlNtryInf>PREIS FÜR E-PAYMENT POSTFINANCE E-FINANCE AB CHF 25.01 (EUR 17.01) HTTPS://MASSAGE-PISTOLE-SHOP.CH ANZAHL TRANSAKTIONEN: 1 UMSATZ CHF 149.00 SEPTEMBER 2022</AddtlNtryInf></Ntry><Ntry><Amt Ccy="CHF">8.80</Amt><CdtDbtInd>DBIT</CdtDbtInd><RvslInd>false</RvslInd><Sts>BOOK</Sts><BookgDt><Dt>2022-10-01</Dt></BookgDt><ValDt><Dt>2022-10-03</Dt></ValDt><AcctSvcrRef>2742400251328827</AcctSvcrRef><BkTxCd><Domn><Cd>PMNT</Cd><Fmly><Cd>CCRD</Cd><SubFmlyCd>CHRG</SubFmlyCd></Fmly></Domn></BkTxCd><NtryDtls><TxDtls><Refs><AcctSvcrRef>2742400251328827</AcctSvcrRef></Refs><Amt Ccy="CHF">8.80</Amt><CdtDbtInd>DBIT</CdtDbtInd></TxDtls></NtryDtls><AddtlNtryInf>PREIS FÜR E-PAYMENT POSTFINANCE CARD AB CHF 25.01 (EUR 17.01) HTTPS://MASSAGE-PISTOLE-SHOP.CH ANZAHL TRANSAKTIONEN: 3 UMSATZ CHF 677.00 SEPTEMBER 2022</AddtlNtryInf></Ntry><Ntry><Amt Ccy="CHF">0.78</Amt><CdtDbtInd>DBIT</CdtDbtInd><RvslInd>false</RvslInd><Sts>BOOK</Sts><BookgDt><Dt>2022-10-01</Dt></BookgDt><ValDt><Dt>2022-10-03</Dt></ValDt><AcctSvcrRef>2742400251344276</AcctSvcrRef><BkTxCd><Domn><Cd>PMNT</Cd><Fmly><Cd>CCRD</Cd><SubFmlyCd>CHRG</SubFmlyCd></Fmly></Domn></BkTxCd><NtryDtls><TxDtls><Refs><AcctSvcrRef>2742400251344276</AcctSvcrRef></Refs><Amt Ccy="CHF">0.78</Amt><CdtDbtInd>DBIT</CdtDbtInd></TxDtls></NtryDtls><AddtlNtryInf>PREIS FÜR E-PAYMENT POSTFINANCE E-FINANCE AB CHF 25.01 (EUR 17.01) WWW.LOEWENHAAR.CH ANZAHL TRANSAKTIONEN: 1 UMSATZ CHF 59.90 SEPTEMBER 2022</AddtlNtryInf></Ntry><Ntry><Amt Ccy="CHF">2.47</Amt><CdtDbtInd>DBIT</CdtDbtInd><RvslInd>false</RvslInd><Sts>BOOK</Sts><BookgDt><Dt>2022-10-01</Dt></BookgDt><ValDt><Dt>2022-10-03</Dt></ValDt><AcctSvcrRef>2742400251344351</AcctSvcrRef><BkTxCd><Domn><Cd>PMNT</Cd><Fmly><Cd>CCRD</Cd><SubFmlyCd>CHRG</SubFmlyCd></Fmly></Domn></BkTxCd><NtryDtls><TxDtls><Refs><AcctSvcrRef>2742400251344351</AcctSvcrRef></Refs><Amt Ccy="CHF">2.47</Amt><CdtDbtInd>DBIT</CdtDbtInd></TxDtls></NtryDtls><AddtlNtryInf>PREIS FÜR E-PAYMENT POSTFINANCE CARD AB CHF 25.01 (EUR 17.01) WWW.LOEWENHAAR.CH ANZAHL TRANSAKTIONEN: 2 UMSATZ CHF 189.70 SEPTEMBER 2022</AddtlNtryInf></Ntry><Ntry><Amt Ccy="CHF">2.86</Amt><CdtDbtInd>DBIT</CdtDbtInd><RvslInd>false</RvslInd><Sts>BOOK</Sts><BookgDt><Dt>2022-10-01</Dt></BookgDt><ValDt><Dt>2022-10-03</Dt></ValDt><AcctSvcrRef>2742400251361627</AcctSvcrRef><BkTxCd><Domn><Cd>PMNT</Cd><Fmly><Cd>CCRD</Cd><SubFmlyCd>CHRG</SubFmlyCd></Fmly></Domn></BkTxCd><NtryDtls><TxDtls><Refs><AcctSvcrRef>2742400251361627</AcctSvcrRef></Refs><Amt Ccy="CHF">2.86</Amt><CdtDbtInd>DBIT</CdtDbtInd></TxDtls></NtryDtls><AddtlNtryInf>PREIS FÜR E-PAYMENT POSTFINANCE E-FINANCE AB CHF 25.01 (EUR 17.01) WWW.DER-FUSSEXPERTE.CH ANZAHL TRANSAKTIONEN: 1 UMSATZ CHF 219.70 SEPTEMBER 2022</AddtlNtryInf></Ntry><Ntry><Amt Ccy="CHF">0.65</Amt><CdtDbtInd>DBIT</CdtDbtInd><RvslInd>false</RvslInd><Sts>BOOK</Sts><BookgDt><Dt>2022-10-01</Dt></BookgDt><ValDt><Dt>2022-10-03</Dt></ValDt><AcctSvcrRef>2742400251331719</AcctSvcrRef><BkTxCd><Domn><Cd>PMNT</Cd><Fmly><Cd>CCRD</Cd><SubFmlyCd>CHRG</SubFmlyCd></Fmly></Domn></BkTxCd><NtryDtls><TxDtls><Refs><AcctSvcrRef>2742400251331719</AcctSvcrRef></Refs><Amt Ccy="CHF">0.65</Amt><CdtDbtInd>DBIT</CdtDbtInd></TxDtls></NtryDtls><AddtlNtryInf>PREIS FÜR E-PAYMENT POSTFINANCE E-FINANCE AB CHF 25.01 (EUR 17.01) WWW.DENTABRUX.CH ANZAHL TRANSAKTIONEN: 1 UMSATZ CHF 49.90 SEPTEMBER 2022</AddtlNtryInf></Ntry><Ntry><Amt Ccy="CHF">0.91</Amt><CdtDbtInd>DBIT</CdtDbtInd><RvslInd>false</RvslInd><Sts>BOOK</Sts><BookgDt><Dt>2022-10-01</Dt></BookgDt><ValDt><Dt>2022-10-03</Dt></ValDt><AcctSvcrRef>2742400251371357</AcctSvcrRef><BkTxCd><Domn><Cd>PMNT</Cd><Fmly><Cd>CCRD</Cd><SubFmlyCd>CHRG</SubFmlyCd></Fmly></Domn></BkTxCd><NtryDtls><TxDtls><Refs><AcctSvcrRef>2742400251371357</AcctSvcrRef></Refs><Amt Ccy="CHF">0.91</Amt><CdtDbtInd>DBIT</CdtDbtInd></TxDtls></NtryDtls><AddtlNtryInf>PREIS FÜR E-PAYMENT POSTFINANCE CARD AB CHF 25.01 (EUR 17.01) WWW.DENTABRUX.CH ANZAHL TRANSAKTIONEN: 1 UMSATZ CHF 69.90 SEPTEMBER 2022</AddtlNtryInf></Ntry><Ntry><Amt Ccy="CHF">0.20</Amt><CdtDbtInd>DBIT</CdtDbtInd><RvslInd>false</RvslInd><Sts>BOOK</Sts><BookgDt><Dt>2022-10-01</Dt></BookgDt><ValDt><Dt>2022-10-03</Dt></ValDt><AcctSvcrRef>2742400251515197</AcctSvcrRef><BkTxCd><Domn><Cd>PMNT</Cd><Fmly><Cd>CCRD</Cd><SubFmlyCd>CHRG</SubFmlyCd></Fmly></Domn></BkTxCd><NtryDtls><TxDtls><Refs><AcctSvcrRef>2742400251515197</AcctSvcrRef></Refs><Amt Ccy="CHF">0.20</Amt><CdtDbtInd>DBIT</CdtDbtInd></TxDtls></NtryDtls><AddtlNtryInf>PREIS FÜR E-PAYMENT POSTFINANCE CARD BIS CHF 25.- (EUR 17.-) WWW.HAPPYSMELL.CH ANZAHL TRANSAKTIONEN: 1 UMSATZ CHF 15.40 SEPTEMBER 2022</AddtlNtryInf></Ntry><Ntry><Amt Ccy="CHF">6.41</Amt><CdtDbtInd>DBIT</CdtDbtInd><RvslInd>false</RvslInd><Sts>BOOK</Sts><BookgDt><Dt>2022-10-01</Dt></BookgDt><ValDt><Dt>2022-10-03</Dt></ValDt><AcctSvcrRef>2742400251323458</AcctSvcrRef><BkTxCd><Domn><Cd>PMNT</Cd><Fmly><Cd>CCRD</Cd><SubFmlyCd>CHRG</SubFmlyCd></Fmly></Domn></BkTxCd><NtryDtls><TxDtls><Refs><AcctSvcrRef>2742400251323458</AcctSvcrRef></Refs><Amt Ccy="CHF">6.41</Amt><CdtDbtInd>DBIT</CdtDbtInd></TxDtls></NtryDtls><AddtlNtryInf>PREIS FÜR E-PAYMENT POSTFINANCE CARD AB CHF 25.01 (EUR 17.01) WWW.HAPPYSMELL.CH ANZAHL TRANSAKTIONEN: 4 UMSATZ CHF 493.20 SEPTEMBER 2022</AddtlNtryInf></Ntry><Ntry><Amt Ccy="CHF">1.18</Amt><CdtDbtInd>DBIT</CdtDbtInd><RvslInd>false</RvslInd><Sts>BOOK</Sts><BookgDt><Dt>2022-10-01</Dt></BookgDt><ValDt><Dt>2022-10-03</Dt></ValDt><AcctSvcrRef>2742400251328799</AcctSvcrRef><BkTxCd><Domn><Cd>PMNT</Cd><Fmly><Cd>CCRD</Cd><SubFmlyCd>CHRG</SubFmlyCd></Fmly></Domn></BkTxCd><NtryDtls><TxDtls><Refs><AcctSvcrRef>2742400251328799</AcctSvcrRef></Refs><Amt Ccy="CHF">1.18</Amt><CdtDbtInd>DBIT</CdtDbtInd></TxDtls></NtryDtls><AddtlNtryInf>PREIS FÜR E-PAYMENT POSTFINANCE E-FINANCE AB CHF 25.01 (EUR 17.01) WWW.HAPPYSMELL.CH ANZAHL TRANSAKTIONEN: 2 UMSATZ CHF 91.00 SEPTEMBER 2022</AddtlNtryInf></Ntry><Ntry><Amt Ccy="CHF">12.06</Amt><CdtDbtInd>DBIT</CdtDbtInd><RvslInd>false</RvslInd><Sts>BOOK</Sts><BookgDt><Dt>2022-10-01</Dt></BookgDt><ValDt><Dt>2022-10-03</Dt></ValDt><AcctSvcrRef>2742400251529680</AcctSvcrRef><BkTxCd><Domn><Cd>PMNT</Cd><Fmly><Cd>CCRD</Cd><SubFmlyCd>CHRG</SubFmlyCd></Fmly></Domn></BkTxCd><NtryDtls><TxDtls><Refs><AcctSvcrRef>2742400251529680</AcctSvcrRef></Refs><Amt Ccy="CHF">12.06</Amt><CdtDbtInd>DBIT</CdtDbtInd></TxDtls></NtryDtls><AddtlNtryInf>PREIS FÜR E-PAYMENT POSTFINANCE CARD AB CHF 25.01 (EUR 17.01) WWW.MEIN-STEHTISCH.CH ANZAHL TRANSAKTIONEN: 1 UMSATZ CHF 928.00 SEPTEMBER 2022</AddtlNtryInf></Ntry><Ntry><NtryRef>CH9209000000414939852</NtryRef><Amt Ccy="CHF">59.90</Amt><CdtDbtInd>CRDT</CdtDbtInd><RvslInd>false</RvslInd><Sts>BOOK</Sts><BookgDt><Dt>2022-10-03</Dt></BookgDt><ValDt><Dt>2022-10-03</Dt></ValDt><AcctSvcrRef>276220109AAJDEFK</AcctSvcrRef><BkTxCd><Domn><Cd>PMNT</Cd><Fmly><Cd>RCDT</Cd><SubFmlyCd>ATXN</SubFmlyCd></Fmly></Domn></BkTxCd><NtryDtls><Btch><NbOfTxs>1</NbOfTxs></Btch><TxDtls><Refs><AcctSvcrRef>221003CH09AAJDEF</AcctSvcrRef><InstrId>21001259464.0002</InstrId><EndToEndId>NOTPROVIDED</EndToEndId><Prtry><Tp>00</Tp><Ref>221003CH09AAJDEF</Ref></Prtry></Refs><Amt Ccy="CHF">59.90</Amt><CdtDbtInd>CRDT</CdtDbtInd><BkTxCd><Domn><Cd>PMNT</Cd><Fmly><Cd>RCDT</Cd><SubFmlyCd>ATXN</SubFmlyCd></Fmly></Domn></BkTxCd><RltdPties><Dbtr><Nm>Maja Roth-Weber</Nm><PstlAdr><AdrLine>Rosenmatte 2</AdrLine><AdrLine>6210 Sursee</AdrLine></PstlAdr></Dbtr><DbtrAcct><Id><IBAN>CH0400779000173505102</IBAN></Id></DbtrAcct><CdtrAcct><Id><IBAN>CH9209000000414939852</IBAN></Id></CdtrAcct></RltdPties><RltdAgts><DbtrAgt><FinInstnId><ClrSysMmbId><MmbId>779</MmbId></ClrSysMmbId><Nm>Nidwaldner Kantonalbank</Nm><PstlAdr><AdrLine>Stansstaderstrasse 54</AdrLine><AdrLine>6371 Stans</AdrLine></PstlAdr></FinInstnId></DbtrAgt></RltdAgts><RmtInf><Ustrd>RE-93838</Ustrd><Strd><AddtlRmtInf>?REJECT?0</AddtlRmtInf><AddtlRmtInf>?ERROR?000</AddtlRmtInf></Strd></RmtInf><RltdDts><AccptncDtTm>2022-10-03T20:00:00</AccptncDtTm></RltdDts></TxDtls></NtryDtls><AddtlNtryInf>GUTSCHRIFT AUFTRAGGEBER: MAJA ROTH-WEBER ROSENMATTE 2 6210 SURSEE MITTEILUNGEN: RE-93838 REFERENZEN: NOTPROVIDED 21001259464.0002 221003CH09AAJDEF</AddtlNtryInf></Ntry><Ntry><NtryRef>CH9209000000414939852</NtryRef><Amt Ccy="CHF">159.90</Amt><CdtDbtInd>CRDT</CdtDbtInd><RvslInd>false</RvslInd><Sts>BOOK</Sts><BookgDt><Dt>2022-10-03</Dt></BookgDt><ValDt><Dt>2022-10-03</Dt></ValDt><AcctSvcrRef>276220109A8ARF7K</AcctSvcrRef><BkTxCd><Domn><Cd>PMNT</Cd><Fmly><Cd>RCDT</Cd><SubFmlyCd>AUTT</SubFmlyCd></Fmly></Domn></BkTxCd><NtryDtls><Btch><NbOfTxs>1</NbOfTxs></Btch><TxDtls><Refs><AcctSvcrRef>221002CH09A8ARF7</AcctSvcrRef><InstrId>20221002000800590156252</InstrId><Prtry><Tp>00</Tp><Ref>221002CH09A8ARF7</Ref></Prtry></Refs><Amt Ccy="CHF">159.90</Amt><CdtDbtInd>CRDT</CdtDbtInd><BkTxCd><Domn><Cd>PMNT</Cd><Fmly><Cd>RCDT</Cd><SubFmlyCd>AUTT</SubFmlyCd></Fmly></Domn></BkTxCd><RltdPties><Dbtr><Nm>Frey Sylvia und Lukas</Nm><PstlAdr><StrtNm>Itziker Dorf-Strasse</StrtNm><BldgNb>20</BldgNb><PstCd>8627</PstCd><TwnNm>Grüningen</TwnNm><Ctry>CH</Ctry></PstlAdr></Dbtr><DbtrAcct><Id><IBAN>CH8709000000401281566</IBAN></Id></DbtrAcct><CdtrAcct><Id><IBAN>CH9209000000414939852</IBAN></Id></CdtrAcct></RltdPties><RltdAgts><DbtrAgt><FinInstnId><BICFI>POFICHBEXXX</BICFI><Nm>POSTFINANCE AG</Nm><PstlAdr><AdrLine>MINGERSTRASSE , 20</AdrLine><AdrLine>3030 BERN</AdrLine></PstlAdr></FinInstnId></DbtrAgt></RltdAgts><RmtInf><Ustrd>RE-93470</Ustrd><Strd><AddtlRmtInf>?REJECT?0</AddtlRmtInf><AddtlRmtInf>?ERROR?000</AddtlRmtInf></Strd></RmtInf><RltdDts><AccptncDtTm>2022-10-03T20:00:00</AccptncDtTm></RltdDts></TxDtls></NtryDtls><AddtlNtryInf>GUTSCHRIFT CH8709000000401281566 ABSENDER: FREY SYLVIA UND LUKAS ITZIKER DORF-STRASSE 20 8627 GRÜNINGEN MITTEILUNGEN: RE-93470</AddtlNtryInf></Ntry><Ntry><NtryRef>CH9209000000414939852</NtryRef><Amt Ccy="CHF">99.90</Amt><CdtDbtInd>CRDT</CdtDbtInd><RvslInd>false</RvslInd><Sts>BOOK</Sts><BookgDt><Dt>2022-10-03</Dt></BookgDt><ValDt><Dt>2022-10-03</Dt></ValDt><AcctSvcrRef>276220109AAOQ5VK</AcctSvcrRef><BkTxCd><Domn><Cd>PMNT</Cd><Fmly><Cd>RCDT</Cd><SubFmlyCd>ATXN</SubFmlyCd></Fmly></Domn></BkTxCd><NtryDtls><Btch><NbOfTxs>1</NbOfTxs></Btch><TxDtls><Refs><AcctSvcrRef>221003CH09AAOQ5V</AcctSvcrRef><InstrId>21002940194.0001</InstrId><EndToEndId>NOTPROVIDED</EndToEndId><Prtry><Tp>00</Tp><Ref>221003CH09AAOQ5V</Ref></Prtry></Refs><Amt Ccy="CHF">99.90</Amt><CdtDbtInd>CRDT</CdtDbtInd><BkTxCd><Domn><Cd>PMNT</Cd><Fmly><Cd>RCDT</Cd><SubFmlyCd>ATXN</SubFmlyCd></Fmly></Domn></BkTxCd><RltdPties><Dbtr><Nm>Nydegger-Binggeli Beatrice</Nm><PstlAdr><StrtNm>Schlossmatten</StrtNm><BldgNb>12</BldgNb><PstCd>3150</PstCd><TwnNm>Schwarzenburg</TwnNm><Ctry>CH</Ctry></PstlAdr></Dbtr><DbtrAcct><Id><IBAN>CH5608518016020686604</IBAN></Id></DbtrAcct><CdtrAcct><Id><IBAN>CH9209000000414939852</IBAN></Id></CdtrAcct></RltdPties><RltdAgts><DbtrAgt><FinInstnId><ClrSysMmbId><MmbId>8518</MmbId></ClrSysMmbId><Nm>Bank Gantrisch Genossenschaft</Nm><PstlAdr><AdrLine>Bahnhofstrasse 2</AdrLine><AdrLine>3150 Schwarzenburg</AdrLine></PstlAdr></FinInstnId></DbtrAgt></RltdAgts><RmtInf><Ustrd>Ref. 00009 28232</Ustrd><Strd><AddtlRmtInf>?REJECT?0</AddtlRmtInf><AddtlRmtInf>?ERROR?000</AddtlRmtInf></Strd></RmtInf><RltdDts><AccptncDtTm>2022-10-03T20:00:00</AccptncDtTm></RltdDts></TxDtls></NtryDtls><AddtlNtryInf>GUTSCHRIFT AUFTRAGGEBER: NYDEGGER-BINGGELI BEATRICE SCHLOSSMATTEN 12 3150 SCHWARZENBURG MITTEILUNGEN: REF. 00009 28232 REFERENZEN: NOTPROVIDED 21002940194.0001 221003CH09AAOQ5V</AddtlNtryInf></Ntry><Ntry><NtryRef>CH9209000000414939852</NtryRef><Amt Ccy="CHF">918.00</Amt><CdtDbtInd>CRDT</CdtDbtInd><RvslInd>false</RvslInd><Sts>BOOK</Sts><BookgDt><Dt>2022-10-03</Dt></BookgDt><ValDt><Dt>2022-10-03</Dt></ValDt><AcctSvcrRef>276220109ABHFPBK</AcctSvcrRef><BkTxCd><Domn><Cd>PMNT</Cd><Fmly><Cd>RCDT</Cd><SubFmlyCd>ATXN</SubFmlyCd></Fmly></Domn></BkTxCd><NtryDtls><Btch><NbOfTxs>1</NbOfTxs></Btch><TxDtls><Refs><AcctSvcrRef>221003CH09ABHFPB</AcctSvcrRef><InstrId>1407518490/1XXXX</InstrId><EndToEndId>NOTPROVIDED</EndToEndId><Prtry><Tp>00</Tp><Ref>221003CH09ABHFPB</Ref></Prtry></Refs><Amt Ccy="CHF">918.00</Amt><CdtDbtInd>CRDT</CdtDbtInd><BkTxCd><Domn><Cd>PMNT</Cd><Fmly><Cd>RCDT</Cd><SubFmlyCd>ATXN</SubFmlyCd></Fmly></Domn></BkTxCd><RltdPties><Dbtr><Nm>Beat Steinmann</Nm><PstlAdr><AdrLine>Lindenbrunnenstrasse 5</AdrLine><AdrLine>6274 Eschenbach LU</AdrLine></PstlAdr></Dbtr><DbtrAcct><Id><IBAN>CH5400778010065300509</IBAN></Id></DbtrAcct><CdtrAcct><Id><IBAN>CH9209000000414939852</IBAN></Id></CdtrAcct></RltdPties><RltdAgts><DbtrAgt><FinInstnId><ClrSysMmbId><MmbId>778</MmbId></ClrSysMmbId><Nm>Luzerner Kantonalbank AG</Nm><PstlAdr><AdrLine>Pilatusstrasse 12</AdrLine><AdrLine>6002 Luzern</AdrLine></PstlAdr></FinInstnId></DbtrAgt></RltdAgts><RmtInf><Ustrd>RE-93436</Ustrd><Strd><AddtlRmtInf>?REJECT?0</AddtlRmtInf><AddtlRmtInf>?ERROR?000</AddtlRmtInf></Strd></RmtInf><RltdDts><AccptncDtTm>2022-10-03T20:00:00</AccptncDtTm></RltdDts></TxDtls></NtryDtls><AddtlNtryInf>GUTSCHRIFT AUFTRAGGEBER: BEAT STEINMANN LINDENBRUNNENSTRASSE 5 6274 ESCHENBACH LU MITTEILUNGEN: RE-93436 REFERENZEN: NOTPROVIDED 1407518490/1XXXX 221003CH09ABHFPB</AddtlNtryInf></Ntry><Ntry><NtryRef>CH9209000000414939852</NtryRef><Amt Ccy="CHF">2122.52</Amt><CdtDbtInd>CRDT</CdtDbtInd><RvslInd>false</RvslInd><Sts>BOOK</Sts><BookgDt><Dt>2022-10-03</Dt></BookgDt><ValDt><Dt>2022-10-03</Dt></ValDt><AcctSvcrRef>2762200099ZBFIWK</AcctSvcrRef><BkTxCd><Domn><Cd>PMNT</Cd><Fmly><Cd>RCDT</Cd><SubFmlyCd>AUTT</SubFmlyCd></Fmly></Domn></BkTxCd><NtryDtls><Btch><NbOfTxs>1</NbOfTxs></Btch><TxDtls><Refs><MsgId>TWINT20220929-101-Merchant</MsgId><AcctSvcrRef>220930CH099ZBFIW</AcctSvcrRef><PmtInfId>TWINT20220929-101-Merchant-B1</PmtInfId><InstrId>c67857f96d414433a338c27ed834a0de</InstrId><EndToEndId>TWINT20220929-101-Merchant-B1</EndToEndId><Prtry><Tp>00</Tp><Ref>220930CH099ZBFIW</Ref></Prtry></Refs><Amt Ccy="CHF">2122.52</Amt><CdtDbtInd>CRDT</CdtDbtInd><BkTxCd><Domn><Cd>PMNT</Cd><Fmly><Cd>RCDT</Cd><SubFmlyCd>AUTT</SubFmlyCd></Fmly></Domn></BkTxCd><RltdPties><Dbtr><Nm>TWINT Acquiring AG</Nm><PstlAdr><StrtNm>Stauffacherstrasse</StrtNm><BldgNb>41</BldgNb><PstCd>8004</PstCd><TwnNm>Zürich</TwnNm><Ctry>CH</Ctry></PstlAdr></Dbtr><DbtrAcct><Id><IBAN>CH6609000000313087410</IBAN></Id></DbtrAcct><CdtrAcct><Id><IBAN>CH9209000000414939852</IBAN></Id></CdtrAcct></RltdPties><RltdAgts><DbtrAgt><FinInstnId><BICFI>POFICHBEXXX</BICFI><Nm>POSTFINANCE AG</Nm><PstlAdr><AdrLine>MINGERSTRASSE , 20</AdrLine><AdrLine>3030 BERN</AdrLine></PstlAdr></FinInstnId></DbtrAgt></RltdAgts><RmtInf><Ustrd>999999 TWINT TWINT Auszahlungen Pay</Ustrd><Ustrd>out 20220930                       </Ustrd><Ustrd>   Gross: 2150.51 Fees: -27.99</Ustrd><Strd><AddtlRmtInf>?REJECT?0</AddtlRmtInf><AddtlRmtInf>?ERROR?000</AddtlRmtInf></Strd></RmtInf><RltdDts><AccptncDtTm>2022-10-03T20:00:00</AccptncDtTm></RltdDts></TxDtls></NtryDtls><AddtlNtryInf>GUTSCHRIFT CH6609000000313087410 ABSENDER: TWINT ACQUIRING AG STAUFFACHERSTRASSE 41 8004 ZÜRICH MITTEILUNGEN: 999999 TWINT TWINT AUSZAHLUNGEN PAY OUT 20220930                           GROSS: 2150.51 FEES: -27.99 REFERENZEN: TWINT20220929-101-MERCHANT-B1</AddtlNtryInf></Ntry><Ntry><NtryRef>CH9209000000414939852</NtryRef><Amt Ccy="CHF">988.00</Amt><CdtDbtInd>CRDT</CdtDbtInd><RvslInd>false</RvslInd><Sts>BOOK</Sts><BookgDt><Dt>2022-10-03</Dt></BookgDt><ValDt><Dt>2022-10-03</Dt></ValDt><AcctSvcrRef>276220109ABZX6YK</AcctSvcrRef><BkTxCd><Domn><Cd>PMNT</Cd><Fmly><Cd>RCDT</Cd><SubFmlyCd>ATXN</SubFmlyCd></Fmly></Domn></BkTxCd><NtryDtls><Btch><NbOfTxs>1</NbOfTxs></Btch><TxDtls><Refs><AcctSvcrRef>221003CH09ABZX6Y</AcctSvcrRef><InstrId>20930460911.0022</InstrId><EndToEndId>009f72f9c98749758cf55be3ff90b593</EndToEndId><Prtry><Tp>00</Tp><Ref>221003CH09ABZX6Y</Ref></Prtry></Refs><Amt Ccy="CHF">988.00</Amt><CdtDbtInd>CRDT</CdtDbtInd><BkTxCd><Domn><Cd>PMNT</Cd><Fmly><Cd>RCDT</Cd><SubFmlyCd>ATXN</SubFmlyCd></Fmly></Domn></BkTxCd><RltdPties><Dbtr><Nm>Verkehrsbetriebe Schaffhausen</Nm><PstlAdr><AdrLine>Ebnatstr. 145</AdrLine><AdrLine>8207 Schaffhausen</AdrLine></PstlAdr></Dbtr><DbtrAcct><Id><IBAN>CH8300782005477002101</IBAN></Id></DbtrAcct><CdtrAcct><Id><IBAN>CH9209000000414939852</IBAN></Id></CdtrAcct></RltdPties><RltdAgts><DbtrAgt><FinInstnId><ClrSysMmbId><MmbId>782</MmbId></ClrSysMmbId><Nm>Schaffhauser Kantonalbank</Nm><PstlAdr><AdrLine>Vorstadt 53</AdrLine><AdrLine>8201 Schaffhausen</AdrLine></PstlAdr></FinInstnId></DbtrAgt></RltdAgts><RmtInf><Ustrd>08.09.2022 RE-92853</Ustrd><Strd><AddtlRmtInf>?REJECT?0</AddtlRmtInf><AddtlRmtInf>?ERROR?000</AddtlRmtInf></Strd></RmtInf><RltdDts><AccptncDtTm>2022-10-03T20:00:00</AccptncDtTm></RltdDts></TxDtls></NtryDtls><AddtlNtryInf>GUTSCHRIFT AUFTRAGGEBER: VERKEHRSBETRIEBE SCHAFFHAUSEN EBNATSTR. 145 8207 SCHAFFHAUSEN MITTEILUNGEN: 08.09.2022 RE-92853 REFERENZEN: 009F72F9C98749758CF55BE3FF90B593 20930460911.0022 221003CH09ABZX6Y</AddtlNtryInf></Ntry><Ntry><NtryRef>CH9209000000414939852</NtryRef><Amt Ccy="CHF">154.56</Amt><CdtDbtInd>CRDT</CdtDbtInd><RvslInd>false</RvslInd><Sts>BOOK</Sts><BookgDt><Dt>2022-10-03</Dt></BookgDt><ValDt><Dt>2022-10-03</Dt></ValDt><AcctSvcrRef>276220109ADG92IK</AcctSvcrRef><BkTxCd><Domn><Cd>PMNT</Cd><Fmly><Cd>RCDT</Cd><SubFmlyCd>ATXN</SubFmlyCd></Fmly></Domn></BkTxCd><NtryDtls><Btch><NbOfTxs>1</NbOfTxs></Btch><TxDtls><Refs><AcctSvcrRef>221003CH09ADG92I</AcctSvcrRef><InstrId>LON03252038275</InstrId><EndToEndId>NOTPROVIDED</EndToEndId><Prtry><Tp>00</Tp><Ref>221003CH09ADG92I</Ref></Prtry></Refs><Amt Ccy="CHF">154.56</Amt><CdtDbtInd>CRDT</CdtDbtInd><BkTxCd><Domn><Cd>PMNT</Cd><Fmly><Cd>RCDT</Cd><SubFmlyCd>ATXN</SubFmlyCd></Fmly></Domn></BkTxCd><RltdPties><Dbtr><Nm>STRIPE PAYMENTS UK LTD</Nm><PstlAdr><AdrLine>9TH FLOOR, 107 CHEAPSIDE GB - LONDO</AdrLine><AdrLine>N EC2V 6DN</AdrLine></PstlAdr></Dbtr><DbtrAcct><Id><IBAN>DK6289000000010375</IBAN></Id></DbtrAcct><CdtrAcct><Id><IBAN>CH9209000000414939852</IBAN></Id></CdtrAcct></RltdPties><RltdAgts><DbtrAgt><FinInstnId><BICFI>CITIGB2LXXX</BICFI><Nm>CITIBANK N.A.</Nm><PstlAdr><AdrLine>CITIBANK CENTRE25 CANADA SQUARE</AdrLine><AdrLine>E14 5LB LONDON</AdrLine></PstlAdr></FinInstnId></DbtrAgt></RltdAgts><RmtInf><Ustrd>STRIPE O2R8Z5</Ustrd><Strd><AddtlRmtInf>?REJECT?0</AddtlRmtInf><AddtlRmtInf>?ERROR?000</AddtlRmtInf></Strd></RmtInf><RltdDts><AccptncDtTm>2022-10-03T20:00:00</AccptncDtTm></RltdDts></TxDtls></NtryDtls><AddtlNtryInf>GUTSCHRIFT AUFTRAGGEBER: STRIPE PAYMENTS UK LTD 9TH FLOOR, 107 CHEAPSIDE GB - LONDO N EC2V 6DN MITTEILUNGEN: STRIPE O2R8Z5 SPESENBETRAG 0.00 CHF SHA REFERENZEN: NOTPROVIDED LON03252038275 221003CH09ADG92I</AddtlNtryInf></Ntry><Ntry><NtryRef>CH9209000000414939852</NtryRef><Amt Ccy="CHF">2577.00</Amt><CdtDbtInd>CRDT</CdtDbtInd><RvslInd>false</RvslInd><Sts>BOOK</Sts><BookgDt><Dt>2022-10-03</Dt></BookgDt><ValDt><Dt>2022-10-03</Dt></ValDt><AcctSvcrRef>276220109AFND3EK</AcctSvcrRef><BkTxCd><Domn><Cd>PMNT</Cd><Fmly><Cd>RCDT</Cd><SubFmlyCd>ATXN</SubFmlyCd></Fmly></Domn></BkTxCd><NtryDtls><Btch><NbOfTxs>1</NbOfTxs></Btch><TxDtls><Refs><AcctSvcrRef>221003CH09AFND3E</AcctSvcrRef><InstrId>1407776140/1XXXX</InstrId><EndToEndId>13708</EndToEndId><Prtry><Tp>00</Tp><Ref>221003CH09AFND3E</Ref></Prtry></Refs><Amt Ccy="CHF">2577.00</Amt><CdtDbtInd>CRDT</CdtDbtInd><BkTxCd><Domn><Cd>PMNT</Cd><Fmly><Cd>RCDT</Cd><SubFmlyCd>ATXN</SubFmlyCd></Fmly></Domn></BkTxCd><RltdPties><Dbtr><Nm>Kath. Kirchgemeinde Emmen</Nm><PstlAdr><AdrLine>Verwaltung Kirchfeldstrasse 2</AdrLine><AdrLine>6032 Emmen</AdrLine></PstlAdr></Dbtr><DbtrAcct><Id><IBAN>CH1700778010700003409</IBAN></Id></DbtrAcct><CdtrAcct><Id><IBAN>CH9209000000414939852</IBAN></Id></CdtrAcct></RltdPties><RltdAgts><DbtrAgt><FinInstnId><ClrSysMmbId><MmbId>778</MmbId></ClrSysMmbId><Nm>Luzerner Kantonalbank AG</Nm><PstlAdr><AdrLine>Pilatusstrasse 12</AdrLine><AdrLine>6003 Luzern</AdrLine></PstlAdr></FinInstnId></DbtrAgt></RltdAgts><RmtInf><Ustrd>RG 93090 / 12.09.2022</Ustrd><Strd><AddtlRmtInf>?REJECT?0</AddtlRmtInf><AddtlRmtInf>?ERROR?000</AddtlRmtInf></Strd></RmtInf><RltdDts><AccptncDtTm>2022-10-03T20:00:00</AccptncDtTm></RltdDts></TxDtls></NtryDtls><AddtlNtryInf>GUTSCHRIFT AUFTRAGGEBER: KATH. KIRCHGEMEINDE EMMEN VERWALTUNG KIRCHFELDSTRASSE 2 6032 EMMEN MITTEILUNGEN: RG 93090 / 12.09.2022 REFERENZEN: 13708 1407776140/1XXXX 221003CH09AFND3E</AddtlNtryInf></Ntry><Ntry><Amt Ccy="CHF">6000.00</Amt><CdtDbtInd>DBIT</CdtDbtInd><RvslInd>false</RvslInd><Sts>BOOK</Sts><BookgDt><Dt>2022-10-03</Dt></BookgDt><ValDt><Dt>2022-10-03</Dt></ValDt><AcctSvcrRef>276220009AEXZIAK</AcctSvcrRef><BkTxCd><Domn><Cd>PMNT</Cd><Fmly><Cd>ICDT</Cd><SubFmlyCd>DMCT</SubFmlyCd></Fmly></Domn></BkTxCd><NtryDtls><TxDtls><Refs><AcctSvcrRef>25-671477733-1</AcctSvcrRef><PmtInfId>25:671477733</PmtInfId><InstrId>20221003000800607265932</InstrId></Refs><Amt Ccy="CHF">6000.00</Amt><CdtDbtInd>DBIT</CdtDbtInd><BkTxCd><Domn><Cd>PMNT</Cd><Fmly><Cd>ICDT</Cd><SubFmlyCd>DMCT</SubFmlyCd></Fmly></Domn></BkTxCd><RltdPties><Cdtr><Nm>Cornèr Banca SA, Lugano</Nm><PstlAdr><Ctry>CH</Ctry></PstlAdr></Cdtr><CdtrAcct><Id><IBAN>CH6408490900130065656</IBAN></Id></CdtrAcct></RltdPties><RltdAgts><CdtrAgt><FinInstnId><BICFI>CBLUCH22XXX</BICFI><Nm>Cornèr Banca SA</Nm><PstlAdr><Ctry>CH</Ctry><AdrLine>Via Canova 16</AdrLine><AdrLine>6901 Lugano</AdrLine></PstlAdr></FinInstnId></CdtrAgt></RltdAgts><RmtInf><Ustrd>eversmart prodcuts Handels GmbH</Ustrd><Strd><AddtlRmtInf>Kreditkarten Abgleich Cornercard</AddtlRmtInf></Strd></RmtInf></TxDtls></NtryDtls><AddtlNtryInf>LASTSCHRIFT CORNÈR BANCA SA VIA CANOVA 16 6901 LUGANO CH6408490900130065656 CORNÈR BANCA SA, LUGANO SENDER REFERENZ: KREDITKARTEN ABGLEICH CORNERCARD 20221003000800607265932</AddtlNtryInf></Ntry><Ntry><Amt Ccy="CHF">49906.19</Amt><CdtDbtInd>DBIT</CdtDbtInd><RvslInd>false</RvslInd><Sts>BOOK</Sts><BookgDt><Dt>2022-10-03</Dt></BookgDt><ValDt><Dt>2022-10-03</Dt></ValDt><AcctSvcrRef>276220009AEQC4SK</AcctSvcrRef><BkTxCd><Domn><Cd>PMNT</Cd><Fmly><Cd>ICDT</Cd><SubFmlyCd>BOOK</SubFmlyCd></Fmly></Domn></BkTxCd><NtryDtls><TxDtls><Refs><AcctSvcrRef>25-671506449-1</AcctSvcrRef><PmtInfId>25:671506449</PmtInfId><InstrId>20221003000800608240673</InstrId></Refs><Amt Ccy="CHF">49906.19</Amt><CdtDbtInd>DBIT</CdtDbtInd><BkTxCd><Domn><Cd>PMNT</Cd><Fmly><Cd>ICDT</Cd><SubFmlyCd>BOOK</SubFmlyCd></Fmly></Domn></BkTxCd><RltdPties><Cdtr><Nm>Eidg. Steuerverwaltung</Nm><PstlAdr><Ctry>CH</Ctry><AdrLine>Mehrwertsteuer Bern</AdrLine></PstlAdr></Cdtr><CdtrAcct><Id><IBAN>CH1130000001300000375</IBAN></Id></CdtrAcct></RltdPties><RltdAgts><CdtrAgt><FinInstnId><BICFI>POFICHBEXXX</BICFI><PstlAdr><Ctry>CH</Ctry></PstlAdr></FinInstnId></CdtrAgt></RltdAgts><RmtInf><Strd><CdtrRefInf><Tp><CdOrPrtry><Prtry>QRR</Prtry></CdOrPrtry></Tp><Ref>804002202256288052016723689</Ref></CdtrRefInf><AddtlRmtInf>MWST Q2 2022</AddtlRmtInf></Strd></RmtInf></TxDtls></NtryDtls><AddtlNtryInf>LASTSCHRIFT CH1130000001300000375 EIDG. STEUERVERWALTUNG MEHRWERTSTEUER BERN SENDER REFERENZ: MWST Q2 2022 20221003000800608240673</AddtlNtryInf></Ntry><Ntry><NtryRef>CH4330000001414939852</NtryRef><Amt Ccy="CHF">29166.57</Amt><CdtDbtInd>CRDT</CdtDbtInd><RvslInd>false</RvslInd><Sts>BOOK</Sts><BookgDt><Dt>2022-10-03</Dt></BookgDt><ValDt><Dt>2022-10-03</Dt></ValDt><AcctSvcrRef>276220009AIECPDU</AcctSvcrRef><BkTxCd><Domn><Cd>PMNT</Cd><Fmly><Cd>RCDT</Cd><SubFmlyCd>VCOM</SubFmlyCd></Fmly></Domn></BkTxCd><Chrgs><TtlChrgsAndTaxAmt Ccy="CHF">10.35</TtlChrgsAndTaxAmt><Rcrd><Amt Ccy="CHF">10.35</Amt><CdtDbtInd>DBIT</CdtDbtInd><ChrgInclInd>false</ChrgInclInd><Tp><Prtry><Id>2</Id></Prtry></Tp></Rcrd></Chrgs><NtryDtls><TxDtls><Refs><AcctSvcrRef>276220009AIECPDU</AcctSvcrRef></Refs><Amt Ccy="CHF">29166.57</Amt><CdtDbtInd>CRDT</CdtDbtInd></TxDtls></NtryDtls><AddtlNtryInf>SAMMELGUTSCHRIFT FÜR KONTO: CH4330000001414939852 VERARBEITUNG VOM 03.10.2022 PAKET ID: 221003CH000009JS</AddtlNtryInf></Ntry><Ntry><NtryRef>CH9530000002414939852</NtryRef><Amt Ccy="CHF">179.20</Amt><CdtDbtInd>CRDT</CdtDbtInd><RvslInd>false</RvslInd><Sts>BOOK</Sts><BookgDt><Dt>2022-10-03</Dt></BookgDt><ValDt><Dt>2022-10-03</Dt></ValDt><AcctSvcrRef>276220009AIFZREU</AcctSvcrRef><BkTxCd><Domn><Cd>PMNT</Cd><Fmly><Cd>RCDT</Cd><SubFmlyCd>VCOM</SubFmlyCd></Fmly></Domn></BkTxCd><NtryDtls><TxDtls><Refs><AcctSvcrRef>276220009AIFZREU</AcctSvcrRef></Refs><Amt Ccy="CHF">179.20</Amt><CdtDbtInd>CRDT</CdtDbtInd></TxDtls></NtryDtls><AddtlNtryInf>SAMMELGUTSCHRIFT FÜR KONTO: CH9530000002414939852 VERARBEITUNG VOM 03.10.2022 PAKET ID: 221003CH00000G5N</AddtlNtryInf></Ntry><Ntry><Amt Ccy="CHF">133.70</Amt><CdtDbtInd>CRDT</CdtDbtInd><RvslInd>false</RvslInd><Sts>BOOK</Sts><BookgDt><Dt>2022-10-03</Dt></BookgDt><ValDt><Dt>2022-10-03</Dt></ValDt><AcctSvcrRef>2762400253300251</AcctSvcrRef><BkTxCd><Domn><Cd>PMNT</Cd><Fmly><Cd>MCRD</Cd><SubFmlyCd>POSP</SubFmlyCd></Fmly></Domn></BkTxCd><NtryDtls><TxDtls><Refs><AcctSvcrRef>2762400253300251</AcctSvcrRef></Refs><Amt Ccy="CHF">133.70</Amt><CdtDbtInd>CRDT</CdtDbtInd></TxDtls></NtryDtls><AddtlNtryInf>GUTSCHRIFT E-PAYMENT-TRANSAKTIONEN POSTFINANCE CARD EINLIEFERUNG VOM 02.10.2022 EVERSMART PRODUCTS HANDELS GMBH PFAQ08TW0000001 HTTPS://WWW.SANACLIP.CH</AddtlNtryInf></Ntry></Stmt></BkToCstmrStmt></Document>
