<?xml version="1.0" encoding="UTF-8"?>
<Document xmlns="urn:iso:std:iso:20022:tech:xsd:camt.053.001.04" xmlns:xsi="http://www.w3.org/2001/XMLSchema-instance" xsi:schemaLocation="urn:iso:std:iso:20022:tech:xsd:camt.053.001.04 camt.053.001.04.xsd"><BkToCstmrStmt><GrpHdr><MsgId>20220810375204902010648</MsgId><CreDtTm>2022-08-11T01:33:29</CreDtTm><MsgPgntn><PgNb>1</PgNb><LastPgInd>true</LastPgInd></MsgPgntn><AddtlInf>SPS/1.7/PROD</AddtlInf></GrpHdr><Stmt><Id>20220810375204902010681</Id><ElctrncSeqNb>155</ElctrncSeqNb><CreDtTm>2022-08-11T01:33:29</CreDtTm><FrToDt><FrDtTm>2022-08-10T00:00:00</FrDtTm><ToDtTm>2022-08-10T23:59:59</ToDtTm></FrToDt><Acct><Id><IBAN>CH9209000000414939852</IBAN></Id><Ownr><Nm>eversmart products Handels GmbH Pfäffikon SZ</Nm></Ownr></Acct><Bal><Tp><CdOrPrtry><Cd>OPBD</Cd></CdOrPrtry></Tp><Amt Ccy="CHF">51417.15</Amt><CdtDbtInd>CRDT</CdtDbtInd><Dt><Dt>2022-08-10</Dt></Dt></Bal><Bal><Tp><CdOrPrtry><Cd>CLBD</Cd></CdOrPrtry></Tp><Amt Ccy="CHF">64673.72</Amt><CdtDbtInd>CRDT</CdtDbtInd><Dt><Dt>2022-08-10</Dt></Dt></Bal><Bal><Tp><CdOrPrtry><Cd>CLAV</Cd></CdOrPrtry></Tp><Amt Ccy="CHF">64673.72</Amt><CdtDbtInd>CRDT</CdtDbtInd><Dt><Dt>2022-08-10</Dt></Dt></Bal><Ntry><Amt Ccy="CHF">2275.00</Amt><CdtDbtInd>CRDT</CdtDbtInd><RvslInd>false</RvslInd><Sts>BOOK</Sts><BookgDt><Dt>2022-08-10</Dt></BookgDt><ValDt><Dt>2022-08-10</Dt></ValDt><AcctSvcrRef>22222010923RY83K</AcctSvcrRef><BkTxCd><Domn><Cd>PMNT</Cd><Fmly><Cd>RCDT</Cd><SubFmlyCd>ATXN</SubFmlyCd></Fmly></Domn></BkTxCd><NtryDtls><Btch><NbOfTxs>1</NbOfTxs></Btch><TxDtls><Refs><AcctSvcrRef>220810CH0923RY83</AcctSvcrRef><InstrId>20803293468.0012</InstrId><EndToEndId>NOTPROVIDED</EndToEndId><Prtry><Tp>00</Tp><Ref>220810CH0923RY83</Ref></Prtry></Refs><Amt Ccy="CHF">2275.00</Amt><CdtDbtInd>CRDT</CdtDbtInd><BkTxCd><Domn><Cd>PMNT</Cd><Fmly><Cd>RCDT</Cd><SubFmlyCd>ATXN</SubFmlyCd></Fmly></Domn></BkTxCd><RltdPties><Dbtr><Nm>Verein Haus fur Mutter</Nm><PstlAdr><AdrLine>und Kind</AdrLine><AdrLine>Postfach</AdrLine></PstlAdr></Dbtr><DbtrAcct><Id><IBAN>CH2900779014250721608</IBAN></Id></DbtrAcct><CdtrAcct><Id><IBAN>CH9209000000414939852</IBAN></Id></CdtrAcct></RltdPties><RltdAgts><DbtrAgt><FinInstnId><ClrSysMmbId><MmbId>779</MmbId></ClrSysMmbId><Nm>Nidwaldner Kantonalbank</Nm><PstlAdr><AdrLine>Stansstaderstrasse 54</AdrLine><AdrLine>6371 Stans</AdrLine></PstlAdr></FinInstnId></DbtrAgt></RltdAgts><RmtInf><Ustrd>Bestellung Stehtische 9444</Ustrd><Strd><AddtlRmtInf>?REJECT?0</AddtlRmtInf><AddtlRmtInf>?ERROR?000</AddtlRmtInf></Strd></RmtInf><RltdDts><AccptncDtTm>2022-08-10T20:00:00</AccptncDtTm></RltdDts></TxDtls></NtryDtls><AddtlNtryInf>GUTSCHRIFT AUFTRAGGEBER: Verein Haus fur Mutter und Kind                            Postfach MITTEILUNGEN: Bestellung Stehtische 9444 REFERENZEN: NOTPROVIDED 20803293468.0012 220810CH0923RY83</AddtlNtryInf></Ntry><Ntry><Amt Ccy="CHF">3047.95</Amt><CdtDbtInd>DBIT</CdtDbtInd><RvslInd>false</RvslInd><Sts>BOOK</Sts><BookgDt><Dt>2022-08-10</Dt></BookgDt><ValDt><Dt>2022-08-10</Dt></ValDt><AcctSvcrRef>222220008ZQTT81K</AcctSvcrRef><BkTxCd><Domn><Cd>PMNT</Cd><Fmly><Cd>ICDT</Cd><SubFmlyCd>BOOK</SubFmlyCd></Fmly></Domn></BkTxCd><NtryDtls><TxDtls><Refs><AcctSvcrRef>25-629462933-1</AcctSvcrRef><PmtInfId>25:629462933</PmtInfId><InstrId>20220726000800442010698</InstrId></Refs><Amt Ccy="CHF">3047.95</Amt><CdtDbtInd>DBIT</CdtDbtInd><BkTxCd><Domn><Cd>PMNT</Cd><Fmly><Cd>ICDT</Cd><SubFmlyCd>BOOK</SubFmlyCd></Fmly></Domn></BkTxCd><RltdPties><Cdtr><Nm>Ausgleichskasse Schwyz</Nm><PstlAdr><Ctry>CH</Ctry><AdrLine>AHV/IV/EO Schwyz</AdrLine></PstlAdr></Cdtr><CdtrAcct><Id><IBAN>CH0230000002600077957</IBAN></Id></CdtrAcct></RltdPties><RltdAgts><CdtrAgt><FinInstnId><BICFI>POFICHBEXXX</BICFI><PstlAdr><Ctry>CH</Ctry></PstlAdr></FinInstnId></CdtrAgt></RltdAgts><RmtInf><Strd><CdtrRefInf><Tp><CdOrPrtry><Prtry>QRR</Prtry></CdOrPrtry></Tp><Ref>000101890046001001725490119</Ref></CdtrRefInf><AddtlRmtInf>AHV 07/22</AddtlRmtInf></Strd></RmtInf></TxDtls></NtryDtls><AddtlNtryInf>LASTSCHRIFT CH0230000002600077957 Ausgleichskasse Schwyz AHV/IV/EO Schwyz SENDER REFERENZ: AHV 07/22 20220726000800442010698</AddtlNtryInf></Ntry><Ntry><Amt Ccy="CHF">100.55</Amt><CdtDbtInd>DBIT</CdtDbtInd><RvslInd>false</RvslInd><Sts>BOOK</Sts><BookgDt><Dt>2022-08-10</Dt></BookgDt><ValDt><Dt>2022-08-10</Dt></ValDt><AcctSvcrRef>2222200091ZLWVJK</AcctSvcrRef><BkTxCd><Domn><Cd>PMNT</Cd><Fmly><Cd>ICDT</Cd><SubFmlyCd>DMCT</SubFmlyCd></Fmly></Domn></BkTxCd><NtryDtls><TxDtls><Refs><AcctSvcrRef>25-638672579-1</AcctSvcrRef><PmtInfId>25:638672579</PmtInfId><InstrId>20220809000800663945158</InstrId></Refs><Amt Ccy="CHF">100.55</Amt><CdtDbtInd>DBIT</CdtDbtInd><BkTxCd><Domn><Cd>PMNT</Cd><Fmly><Cd>ICDT</Cd><SubFmlyCd>DMCT</SubFmlyCd></Fmly></Domn></BkTxCd><RltdPties><Cdtr><Nm>UPS United Parcel Service (Schweiz) AG</Nm><PstlAdr><Ctry>CH</Ctry></PstlAdr></Cdtr><CdtrAcct><Id><IBAN>CH073000529211170801N</IBAN></Id></CdtrAcct></RltdPties><RltdAgts><CdtrAgt><FinInstnId><BICFI>UBSWCHZH80A</BICFI><Nm>UBS Switzerland AG</Nm><PstlAdr><Ctry>CH</Ctry><AdrLine>Bahnhofstrasse 45 8098 Zürich</AdrLine></PstlAdr></FinInstnId></CdtrAgt></RltdAgts><RmtInf><Strd><CdtrRefInf><Tp><CdOrPrtry><Prtry>QRR</Prtry></CdOrPrtry></Tp><Ref>263213000000002022201857220</Ref></CdtrRefInf><AddtlRmtInf>UPS 202220185722</AddtlRmtInf></Strd></RmtInf></TxDtls></NtryDtls><AddtlNtryInf>LASTSCHRIFT UBS Switzerland AG Bahnhofstrasse 45 8098 Zürich CH073000529211170801N UPS United Parcel Service (Schweiz)  AG SENDER REFERENZ: UPS 202220185722 20220809000800663945158</AddtlNtryInf></Ntry><Ntry><Amt Ccy="CHF">89.80</Amt><CdtDbtInd>CRDT</CdtDbtInd><RvslInd>false</RvslInd><Sts>BOOK</Sts><BookgDt><Dt>2022-08-10</Dt></BookgDt><ValDt><Dt>2022-08-10</Dt></ValDt><AcctSvcrRef>2222201091XS2WRK</AcctSvcrRef><BkTxCd><Domn><Cd>PMNT</Cd><Fmly><Cd>RCDT</Cd><SubFmlyCd>AUTT</SubFmlyCd></Fmly></Domn></BkTxCd><NtryDtls><Btch><NbOfTxs>1</NbOfTxs></Btch><TxDtls><Refs><AcctSvcrRef>220809CH091XS2WR</AcctSvcrRef><InstrId>20220809000800670503906</InstrId><Prtry><Tp>00</Tp><Ref>220809CH091XS2WR</Ref></Prtry></Refs><Amt Ccy="CHF">89.80</Amt><CdtDbtInd>CRDT</CdtDbtInd><BkTxCd><Domn><Cd>PMNT</Cd><Fmly><Cd>RCDT</Cd><SubFmlyCd>AUTT</SubFmlyCd></Fmly></Domn></BkTxCd><RltdPties><Dbtr><Nm>Demmler, Andreas</Nm><PstlAdr><StrtNm>Derflibach</StrtNm><BldgNb>19</BldgNb><PstCd>3855</PstCd><TwnNm>Schwanden-Brienz</TwnNm><Ctry>CH</Ctry></PstlAdr></Dbtr><DbtrAcct><Id><IBAN>CH6709000000304729969</IBAN></Id></DbtrAcct><CdtrAcct><Id><IBAN>CH9209000000414939852</IBAN></Id></CdtrAcct></RltdPties><RltdAgts><DbtrAgt><FinInstnId><BICFI>POFICHBEXXX</BICFI><Nm>POSTFINANCE AG</Nm><PstlAdr><AdrLine>MINGERSTRASSE , 20</AdrLine><AdrLine>3030 BERN</AdrLine></PstlAdr></FinInstnId></DbtrAgt></RltdAgts><RmtInf><Ustrd>RE-89864</Ustrd><Strd><AddtlRmtInf>?REJECT?0</AddtlRmtInf><AddtlRmtInf>?ERROR?000</AddtlRmtInf></Strd></RmtInf><RltdDts><AccptncDtTm>2022-08-10T20:00:00</AccptncDtTm></RltdDts></TxDtls></NtryDtls><AddtlNtryInf>GUTSCHRIFT CH6709000000304729969 ABSENDER: Demmler, Andreas Derflibach 19 3855 Schwanden-Brienz MITTEILUNGEN: RE-89864</AddtlNtryInf></Ntry><Ntry><Amt Ccy="CHF">769.00</Amt><CdtDbtInd>CRDT</CdtDbtInd><RvslInd>false</RvslInd><Sts>BOOK</Sts><BookgDt><Dt>2022-08-10</Dt></BookgDt><ValDt><Dt>2022-08-10</Dt></ValDt><AcctSvcrRef>22222010924ECLNK</AcctSvcrRef><BkTxCd><Domn><Cd>PMNT</Cd><Fmly><Cd>RCDT</Cd><SubFmlyCd>ATXN</SubFmlyCd></Fmly></Domn></BkTxCd><NtryDtls><Btch><NbOfTxs>1</NbOfTxs></Btch><TxDtls><Refs><AcctSvcrRef>220810CH0924ECLN</AcctSvcrRef><InstrId>20809369175.0002</InstrId><EndToEndId>NOTPROVIDED</EndToEndId><Prtry><Tp>00</Tp><Ref>220810CH0924ECLN</Ref></Prtry></Refs><Amt Ccy="CHF">769.00</Amt><CdtDbtInd>CRDT</CdtDbtInd><BkTxCd><Domn><Cd>PMNT</Cd><Fmly><Cd>RCDT</Cd><SubFmlyCd>ATXN</SubFmlyCd></Fmly></Domn></BkTxCd><RltdPties><Dbtr><Nm>Cadisch Jasmin</Nm><PstlAdr><StrtNm>Milchgasse</StrtNm><BldgNb>10</BldgNb><PstCd>5703</PstCd><TwnNm>Seon</TwnNm><Ctry>CH</Ctry></PstlAdr></Dbtr><DbtrAcct><Id><IBAN>CH0706300016120617109</IBAN></Id></DbtrAcct><CdtrAcct><Id><IBAN>CH9209000000414939852</IBAN></Id></CdtrAcct></RltdPties><RltdAgts><DbtrAgt><FinInstnId><ClrSysMmbId><MmbId>6300</MmbId></ClrSysMmbId><Nm>Valiant Bank AG</Nm><PstlAdr><AdrLine>Bundesplatz 4</AdrLine><AdrLine>3001 Bern</AdrLine></PstlAdr></FinInstnId></DbtrAgt></RltdAgts><RmtInf><Strd><AddtlRmtInf>?REJECT?0</AddtlRmtInf><AddtlRmtInf>?ERROR?000</AddtlRmtInf></Strd></RmtInf><RltdDts><AccptncDtTm>2022-08-10T20:00:00</AccptncDtTm></RltdDts></TxDtls></NtryDtls><AddtlNtryInf>GUTSCHRIFT AUFTRAGGEBER: Cadisch Jasmin Milchgasse 10 5703 Seon REFERENZEN: NOTPROVIDED 20809369175.0002 220810CH0924ECLN</AddtlNtryInf></Ntry><Ntry><Amt Ccy="CHF">2832.26</Amt><CdtDbtInd>CRDT</CdtDbtInd><RvslInd>false</RvslInd><Sts>BOOK</Sts><BookgDt><Dt>2022-08-10</Dt></BookgDt><ValDt><Dt>2022-08-10</Dt></ValDt><AcctSvcrRef>2222200091Y61N2K</AcctSvcrRef><BkTxCd><Domn><Cd>PMNT</Cd><Fmly><Cd>RCDT</Cd><SubFmlyCd>AUTT</SubFmlyCd></Fmly></Domn></BkTxCd><NtryDtls><Btch><NbOfTxs>1</NbOfTxs></Btch><TxDtls><Refs><MsgId>TWINT20220808-101-Merchant</MsgId><AcctSvcrRef>220809CH091Y61N2</AcctSvcrRef><PmtInfId>TWINT20220808-101-Merchant-B1</PmtInfId><InstrId>3c4d0c55cf8449aa88a7905643b8b2c2</InstrId><EndToEndId>TWINT20220808-101-Merchant-B1</EndToEndId><Prtry><Tp>00</Tp><Ref>220809CH091Y61N2</Ref></Prtry></Refs><Amt Ccy="CHF">2832.26</Amt><CdtDbtInd>CRDT</CdtDbtInd><BkTxCd><Domn><Cd>PMNT</Cd><Fmly><Cd>RCDT</Cd><SubFmlyCd>AUTT</SubFmlyCd></Fmly></Domn></BkTxCd><RltdPties><Dbtr><Nm>TWINT Acquiring AG</Nm><PstlAdr><StrtNm>Stauffacherstrasse</StrtNm><BldgNb>41</BldgNb><PstCd>8004</PstCd><TwnNm>Zürich</TwnNm><Ctry>CH</Ctry></PstlAdr></Dbtr><DbtrAcct><Id><IBAN>CH6609000000313087410</IBAN></Id></DbtrAcct><CdtrAcct><Id><IBAN>CH9209000000414939852</IBAN></Id></CdtrAcct></RltdPties><RltdAgts><DbtrAgt><FinInstnId><BICFI>POFICHBEXXX</BICFI><Nm>POSTFINANCE AG</Nm><PstlAdr><AdrLine>MINGERSTRASSE , 20</AdrLine><AdrLine>3030 BERN</AdrLine></PstlAdr></FinInstnId></DbtrAgt></RltdAgts><RmtInf><Ustrd>999999 TWINT TWINT Auszahlungen Pay</Ustrd><Ustrd>out 20220809                       </Ustrd><Ustrd>   Gross: 2869.60 Fees: -37.34</Ustrd><Strd><AddtlRmtInf>?REJECT?0</AddtlRmtInf><AddtlRmtInf>?ERROR?000</AddtlRmtInf></Strd></RmtInf><RltdDts><AccptncDtTm>2022-08-10T20:00:00</AccptncDtTm></RltdDts></TxDtls></NtryDtls><AddtlNtryInf>GUTSCHRIFT CH6609000000313087410 ABSENDER: TWINT Acquiring AG Stauffacherstrasse 41 8004 Zürich MITTEILUNGEN: 999999 TWINT TWINT Auszahlungen Pay out 20220809                           Gross: 2869.60 Fees: -37.34 REFERENZEN: TWINT20220808-101-Merchant-B1</AddtlNtryInf></Ntry><Ntry><Amt Ccy="CHF">92.61</Amt><CdtDbtInd>CRDT</CdtDbtInd><RvslInd>false</RvslInd><Sts>BOOK</Sts><BookgDt><Dt>2022-08-10</Dt></BookgDt><ValDt><Dt>2022-08-10</Dt></ValDt><AcctSvcrRef>22222010925RU4MK</AcctSvcrRef><BkTxCd><Domn><Cd>PMNT</Cd><Fmly><Cd>RCDT</Cd><SubFmlyCd>ATXN</SubFmlyCd></Fmly></Domn></BkTxCd><NtryDtls><Btch><NbOfTxs>1</NbOfTxs></Btch><TxDtls><Refs><AcctSvcrRef>220810CH0925RU4M</AcctSvcrRef><InstrId>LON03241655246</InstrId><EndToEndId>NOTPROVIDED</EndToEndId><Prtry><Tp>00</Tp><Ref>220810CH0925RU4M</Ref></Prtry></Refs><Amt Ccy="CHF">92.61</Amt><CdtDbtInd>CRDT</CdtDbtInd><BkTxCd><Domn><Cd>PMNT</Cd><Fmly><Cd>RCDT</Cd><SubFmlyCd>ATXN</SubFmlyCd></Fmly></Domn></BkTxCd><RltdPties><Dbtr><Nm>STRIPE PAYMENTS UK LTD</Nm><PstlAdr><AdrLine>9TH FLOOR, 107 CHEAPSIDE GB - LONDO</AdrLine><AdrLine>N EC2V 6DN</AdrLine></PstlAdr></Dbtr><DbtrAcct><Id><IBAN>DK6289000000010375</IBAN></Id></DbtrAcct><CdtrAcct><Id><IBAN>CH9209000000414939852</IBAN></Id></CdtrAcct></RltdPties><RltdAgts><DbtrAgt><FinInstnId><BICFI>CITIGB2LXXX</BICFI><Nm>CITIBANK N.A.</Nm><PstlAdr><AdrLine>CITIBANK CENTRE25 CANADA SQUARE</AdrLine><AdrLine>E14 5LB LONDON</AdrLine></PstlAdr></FinInstnId></DbtrAgt></RltdAgts><RmtInf><Ustrd>STRIPE O4I1J3</Ustrd><Strd><AddtlRmtInf>?REJECT?0</AddtlRmtInf><AddtlRmtInf>?ERROR?000</AddtlRmtInf></Strd></RmtInf><RltdDts><AccptncDtTm>2022-08-10T20:00:00</AccptncDtTm></RltdDts></TxDtls></NtryDtls><AddtlNtryInf>GUTSCHRIFT AUFTRAGGEBER: STRIPE PAYMENTS UK LTD 9TH FLOOR, 107 CHEAPSIDE GB - LONDO N EC2V 6DN MITTEILUNGEN: STRIPE O4I1J3 SPESENBETRAG 0.00 CHF SHA REFERENZEN: NOTPROVIDED LON03241655246 220810CH0925RU4M</AddtlNtryInf></Ntry><Ntry><NtryRef>CH4330000001414939852</NtryRef><Amt Ccy="CHF">10346.40</Amt><CdtDbtInd>CRDT</CdtDbtInd><RvslInd>false</RvslInd><Sts>BOOK</Sts><BookgDt><Dt>2022-08-10</Dt></BookgDt><ValDt><Dt>2022-08-10</Dt></ValDt><AcctSvcrRef>22222000929M3VPU</AcctSvcrRef><BkTxCd><Domn><Cd>PMNT</Cd><Fmly><Cd>RCDT</Cd><SubFmlyCd>VCOM</SubFmlyCd></Fmly></Domn></BkTxCd><Chrgs><TtlChrgsAndTaxAmt Ccy="CHF">2.35</TtlChrgsAndTaxAmt><Rcrd><Amt Ccy="CHF">2.35</Amt><CdtDbtInd>DBIT</CdtDbtInd><ChrgInclInd>false</ChrgInclInd><Tp><Prtry><Id>2</Id></Prtry></Tp></Rcrd></Chrgs><NtryDtls><TxDtls><Refs><AcctSvcrRef>22222000929M3VPU</AcctSvcrRef></Refs><Amt Ccy="CHF">10346.40</Amt><CdtDbtInd>CRDT</CdtDbtInd></TxDtls></NtryDtls><AddtlNtryInf>SAMMELGUTSCHRIFT FÜR KONTO: CH4330000001414939852 VERARBEITUNG VOM 10.08.2022 PAKET ID: 220810CH0000074T</AddtlNtryInf></Ntry></Stmt></BkToCstmrStmt></Document>
