<?xml version="1.0" encoding="UTF-8"?>
<Document xmlns="urn:iso:std:iso:20022:tech:xsd:camt.053.001.04" xmlns:xsi="http://www.w3.org/2001/XMLSchema-instance" xsi:schemaLocation="urn:iso:std:iso:20022:tech:xsd:camt.053.001.04 camt.053.001.04.xsd"><BkToCstmrStmt><GrpHdr><MsgId>20221114375204976291035</MsgId><CreDtTm>2022-11-15T02:05:39</CreDtTm><MsgPgntn><PgNb>1</PgNb><LastPgInd>true</LastPgInd></MsgPgntn><AddtlInf>SPS/1.7/PROD</AddtlInf></GrpHdr><Stmt><Id>20221114375204976291041</Id><ElctrncSeqNb>223</ElctrncSeqNb><CreDtTm>2022-11-15T02:05:39</CreDtTm><FrToDt><FrDtTm>2022-11-12T00:00:00</FrDtTm><ToDtTm>2022-11-14T23:59:59</ToDtTm></FrToDt><Acct><Id><IBAN>CH9209000000414939852</IBAN></Id><Ownr><Nm>eversmart products Handels GmbH Pfäffikon SZ</Nm></Ownr></Acct><Bal><Tp><CdOrPrtry><Cd>OPBD</Cd></CdOrPrtry></Tp><Amt Ccy="CHF">27014.79</Amt><CdtDbtInd>CRDT</CdtDbtInd><Dt><Dt>2022-11-12</Dt></Dt></Bal><Bal><Tp><CdOrPrtry><Cd>CLBD</Cd></CdOrPrtry></Tp><Amt Ccy="CHF">2649.81</Amt><CdtDbtInd>CRDT</CdtDbtInd><Dt><Dt>2022-11-14</Dt></Dt></Bal><Bal><Tp><CdOrPrtry><Cd>CLAV</Cd></CdOrPrtry></Tp><Amt Ccy="CHF">2649.81</Amt><CdtDbtInd>CRDT</CdtDbtInd><Dt><Dt>2022-11-14</Dt></Dt></Bal><Ntry><Amt Ccy="CHF">79.90</Amt><CdtDbtInd>CRDT</CdtDbtInd><RvslInd>false</RvslInd><Sts>BOOK</Sts><BookgDt><Dt>2022-11-13</Dt></BookgDt><ValDt><Dt>2022-11-14</Dt></ValDt><AcctSvcrRef>3172400321988243</AcctSvcrRef><BkTxCd><Domn><Cd>PMNT</Cd><Fmly><Cd>MCRD</Cd><SubFmlyCd>POSP</SubFmlyCd></Fmly></Domn></BkTxCd><NtryDtls><TxDtls><Refs><AcctSvcrRef>3172400321988243</AcctSvcrRef></Refs><Amt Ccy="CHF">79.90</Amt><CdtDbtInd>CRDT</CdtDbtInd></TxDtls></NtryDtls><AddtlNtryInf>GUTSCHRIFT E-PAYMENT-TRANSAKTIONEN POSTFINANCE CARD EINLIEFERUNG VOM 12.11.2022 EVERSMART PRODUCTS HANDELS GMBH PFAQ0AXC0000001 HTTPS://VALGUSMED.CH/</AddtlNtryInf></Ntry><Ntry><NtryRef>CH9209000000414939852</NtryRef><Amt Ccy="CHF">59.90</Amt><CdtDbtInd>CRDT</CdtDbtInd><RvslInd>false</RvslInd><Sts>BOOK</Sts><BookgDt><Dt>2022-11-14</Dt></BookgDt><ValDt><Dt>2022-11-14</Dt></ValDt><AcctSvcrRef>318220109FUE8SOK</AcctSvcrRef><BkTxCd><Domn><Cd>PMNT</Cd><Fmly><Cd>RCDT</Cd><SubFmlyCd>AUTT</SubFmlyCd></Fmly></Domn></BkTxCd><NtryDtls><Btch><NbOfTxs>1</NbOfTxs></Btch><TxDtls><Refs><AcctSvcrRef>221108CH09FUE8SO</AcctSvcrRef><InstrId>20221108000800258535302</InstrId><Prtry><Tp>00</Tp><Ref>221108CH09FUE8SO</Ref></Prtry></Refs><Amt Ccy="CHF">59.90</Amt><CdtDbtInd>CRDT</CdtDbtInd><BkTxCd><Domn><Cd>PMNT</Cd><Fmly><Cd>RCDT</Cd><SubFmlyCd>AUTT</SubFmlyCd></Fmly></Domn></BkTxCd><RltdPties><Dbtr><Nm>Wanner, Sonja</Nm><PstlAdr><StrtNm>Sagenrainstrasse</StrtNm><BldgNb>14</BldgNb><PstCd>8320</PstCd><TwnNm>Fehraltorf</TwnNm><Ctry>CH</Ctry></PstlAdr></Dbtr><DbtrAcct><Id><IBAN>CH2309000000158497538</IBAN></Id></DbtrAcct><CdtrAcct><Id><IBAN>CH9209000000414939852</IBAN></Id></CdtrAcct></RltdPties><RltdAgts><DbtrAgt><FinInstnId><BICFI>POFICHBEXXX</BICFI><Nm>POSTFINANCE AG</Nm><PstlAdr><AdrLine>MINGERSTRASSE 20</AdrLine><AdrLine>3030 BERN</AdrLine></PstlAdr></FinInstnId></DbtrAgt></RltdAgts><RmtInf><Ustrd>Ihre Ref-Nr. 957414 Rechnung RE-957</Ustrd><Ustrd>91</Ustrd><Strd><AddtlRmtInf>?REJECT?000</AddtlRmtInf><AddtlRmtInf>?ERROR?000</AddtlRmtInf></Strd></RmtInf><RltdDts><AccptncDtTm>2022-11-14T20:00:00</AccptncDtTm></RltdDts></TxDtls></NtryDtls><AddtlNtryInf>GUTSCHRIFT CH2309000000158497538 ABSENDER: WANNER, SONJA SAGENRAINSTRASSE 14 8320 FEHRALTORF MITTEILUNGEN: IHRE REF-NR. 957414 RECHNUNG RE-957 91</AddtlNtryInf></Ntry><Ntry><NtryRef>CH9209000000414939852</NtryRef><Amt Ccy="CHF">62.50</Amt><CdtDbtInd>CRDT</CdtDbtInd><RvslInd>false</RvslInd><Sts>BOOK</Sts><BookgDt><Dt>2022-11-14</Dt></BookgDt><ValDt><Dt>2022-11-14</Dt></ValDt><AcctSvcrRef>318220109GO030LK</AcctSvcrRef><BkTxCd><Domn><Cd>PMNT</Cd><Fmly><Cd>RCDT</Cd><SubFmlyCd>ATXN</SubFmlyCd></Fmly></Domn></BkTxCd><NtryDtls><Btch><NbOfTxs>1</NbOfTxs></Btch><TxDtls><Refs><AcctSvcrRef>221114CH09GO030L</AcctSvcrRef><InstrId>908704208/1XXXXX</InstrId><EndToEndId>NOTPROVIDED</EndToEndId><Prtry><Tp>00</Tp><Ref>221114CH09GO030L</Ref></Prtry></Refs><Amt Ccy="CHF">62.50</Amt><CdtDbtInd>CRDT</CdtDbtInd><BkTxCd><Domn><Cd>PMNT</Cd><Fmly><Cd>RCDT</Cd><SubFmlyCd>ATXN</SubFmlyCd></Fmly></Domn></BkTxCd><RltdPties><Dbtr><Nm>Gisela Schlotterbeck</Nm><PstlAdr><AdrLine>Matterstrasse 91</AdrLine><AdrLine>CH-3920 Zermatt</AdrLine></PstlAdr></Dbtr><DbtrAcct><Id><IBAN>CH6700769016332033546</IBAN></Id></DbtrAcct><CdtrAcct><Id><IBAN>CH9209000000414939852</IBAN></Id></CdtrAcct></RltdPties><RltdAgts><DbtrAgt><FinInstnId><ClrSysMmbId><MmbId>769</MmbId></ClrSysMmbId><Nm>Basellandschaftliche Kantonalbank</Nm><PstlAdr><AdrLine>4410 Liestal</AdrLine></PstlAdr></FinInstnId></DbtrAgt></RltdAgts><RmtInf><Ustrd>Rechnung RE 94725</Ustrd><Strd><AddtlRmtInf>?REJECT?000</AddtlRmtInf><AddtlRmtInf>?ERROR?000</AddtlRmtInf></Strd></RmtInf><RltdDts><AccptncDtTm>2022-11-14T20:00:00</AccptncDtTm></RltdDts></TxDtls></NtryDtls><AddtlNtryInf>GUTSCHRIFT AUFTRAGGEBER: GISELA SCHLOTTERBECK MATTERSTRASSE 91 CH-3920 ZERMATT MITTEILUNGEN: RECHNUNG RE 94725 REFERENZEN: NOTPROVIDED 908704208/1XXXXX 221114CH09GO030L</AddtlNtryInf></Ntry><Ntry><NtryRef>CH9209000000414939852</NtryRef><Amt Ccy="CHF">4785.03</Amt><CdtDbtInd>CRDT</CdtDbtInd><RvslInd>false</RvslInd><Sts>BOOK</Sts><BookgDt><Dt>2022-11-14</Dt></BookgDt><ValDt><Dt>2022-11-14</Dt></ValDt><AcctSvcrRef>318220009GG88E9K</AcctSvcrRef><BkTxCd><Domn><Cd>PMNT</Cd><Fmly><Cd>RCDT</Cd><SubFmlyCd>AUTT</SubFmlyCd></Fmly></Domn></BkTxCd><NtryDtls><Btch><NbOfTxs>1</NbOfTxs></Btch><TxDtls><Refs><MsgId>TWINT20221110-101-Merchant</MsgId><AcctSvcrRef>221111CH09GG88E9</AcctSvcrRef><PmtInfId>TWINT20221110-101-Merchant-B1</PmtInfId><InstrId>5b50917eaf16418d96840f0a21ebff5f</InstrId><EndToEndId>TWINT20221110-101-Merchant-B1</EndToEndId><Prtry><Tp>00</Tp><Ref>221111CH09GG88E9</Ref></Prtry></Refs><Amt Ccy="CHF">4785.03</Amt><CdtDbtInd>CRDT</CdtDbtInd><BkTxCd><Domn><Cd>PMNT</Cd><Fmly><Cd>RCDT</Cd><SubFmlyCd>AUTT</SubFmlyCd></Fmly></Domn></BkTxCd><RltdPties><Dbtr><Nm>TWINT Acquiring AG</Nm><PstlAdr><StrtNm>Stauffacherstrasse</StrtNm><BldgNb>41</BldgNb><PstCd>8004</PstCd><TwnNm>Zürich</TwnNm><Ctry>CH</Ctry></PstlAdr></Dbtr><DbtrAcct><Id><IBAN>CH6609000000313087410</IBAN></Id></DbtrAcct><CdtrAcct><Id><IBAN>CH9209000000414939852</IBAN></Id></CdtrAcct></RltdPties><RltdAgts><DbtrAgt><FinInstnId><BICFI>POFICHBEXXX</BICFI><Nm>POSTFINANCE AG</Nm><PstlAdr><AdrLine>MINGERSTRASSE 20</AdrLine><AdrLine>3030 BERN</AdrLine></PstlAdr></FinInstnId></DbtrAgt></RltdAgts><RmtInf><Ustrd>999999 TWINT TWINT Auszahlungen Pay</Ustrd><Ustrd>out 20221111                       </Ustrd><Ustrd>   Gross: 4848.10 Fees: -63.07</Ustrd><Strd><AddtlRmtInf>?REJECT?000</AddtlRmtInf><AddtlRmtInf>?ERROR?000</AddtlRmtInf></Strd></RmtInf><RltdDts><AccptncDtTm>2022-11-14T20:00:00</AccptncDtTm></RltdDts></TxDtls></NtryDtls><AddtlNtryInf>GUTSCHRIFT CH6609000000313087410 ABSENDER: TWINT ACQUIRING AG STAUFFACHERSTRASSE 41 8004 ZÜRICH MITTEILUNGEN: 999999 TWINT TWINT AUSZAHLUNGEN PAY OUT 20221111                           GROSS: 4848.10 FEES: -63.07 REFERENZEN: TWINT20221110-101-MERCHANT-B1</AddtlNtryInf></Ntry><Ntry><NtryRef>CH9209000000414939852</NtryRef><Amt Ccy="CHF">60.80</Amt><CdtDbtInd>CRDT</CdtDbtInd><RvslInd>false</RvslInd><Sts>BOOK</Sts><BookgDt><Dt>2022-11-14</Dt></BookgDt><ValDt><Dt>2022-11-14</Dt></ValDt><AcctSvcrRef>318220109GOOULBK</AcctSvcrRef><BkTxCd><Domn><Cd>PMNT</Cd><Fmly><Cd>RCDT</Cd><SubFmlyCd>ATXN</SubFmlyCd></Fmly></Domn></BkTxCd><NtryDtls><Btch><NbOfTxs>1</NbOfTxs></Btch><TxDtls><Refs><AcctSvcrRef>221114CH09GOOULB</AcctSvcrRef><InstrId>517182482/1XXXXX</InstrId><EndToEndId>NOTPROVIDED</EndToEndId><Prtry><Tp>00</Tp><Ref>221114CH09GOOULB</Ref></Prtry></Refs><Amt Ccy="CHF">60.80</Amt><CdtDbtInd>CRDT</CdtDbtInd><BkTxCd><Domn><Cd>PMNT</Cd><Fmly><Cd>RCDT</Cd><SubFmlyCd>ATXN</SubFmlyCd></Fmly></Domn></BkTxCd><RltdPties><Dbtr><Nm>Peter Lampert</Nm><PstlAdr><AdrLine>Schmiedegasse 6</AdrLine><AdrLine>9495 Triesen, Liechtenstein</AdrLine></PstlAdr></Dbtr><DbtrAcct><Id><IBAN>LI9808805506133190010</IBAN></Id></DbtrAcct><CdtrAcct><Id><IBAN>CH9209000000414939852</IBAN></Id></CdtrAcct></RltdPties><RltdAgts><DbtrAgt><FinInstnId><ClrSysMmbId><MmbId>8805</MmbId></ClrSysMmbId><Nm>VP Bank AG</Nm><PstlAdr><AdrLine>Aeulestrasse 6</AdrLine><AdrLine>9490 Vaduz</AdrLine></PstlAdr></FinInstnId></DbtrAgt></RltdAgts><RmtInf><Ustrd>Rr 00668</Ustrd><Strd><AddtlRmtInf>?REJECT?000</AddtlRmtInf><AddtlRmtInf>?ERROR?000</AddtlRmtInf></Strd></RmtInf><RltdDts><AccptncDtTm>2022-11-14T20:00:00</AccptncDtTm></RltdDts></TxDtls></NtryDtls><AddtlNtryInf>GUTSCHRIFT AUFTRAGGEBER: PETER LAMPERT SCHMIEDEGASSE 6 9495 TRIESEN, LIECHTENSTEIN MITTEILUNGEN: RR 00668 REFERENZEN: NOTPROVIDED 517182482/1XXXXX 221114CH09GOOULB</AddtlNtryInf></Ntry><Ntry><NtryRef>CH9209000000414939852</NtryRef><Amt Ccy="CHF">177.38</Amt><CdtDbtInd>CRDT</CdtDbtInd><RvslInd>false</RvslInd><Sts>BOOK</Sts><BookgDt><Dt>2022-11-14</Dt></BookgDt><ValDt><Dt>2022-11-14</Dt></ValDt><AcctSvcrRef>318220109GQBY3GK</AcctSvcrRef><BkTxCd><Domn><Cd>PMNT</Cd><Fmly><Cd>RCDT</Cd><SubFmlyCd>ATXN</SubFmlyCd></Fmly></Domn></BkTxCd><NtryDtls><Btch><NbOfTxs>1</NbOfTxs></Btch><TxDtls><Refs><AcctSvcrRef>221114CH09GQBY3G</AcctSvcrRef><InstrId>9901818E67412943</InstrId><EndToEndId>CONCA00000004543</EndToEndId><Prtry><Tp>00</Tp><Ref>221114CH09GQBY3G</Ref></Prtry></Refs><Amt Ccy="CHF">177.38</Amt><CdtDbtInd>CRDT</CdtDbtInd><BkTxCd><Domn><Cd>PMNT</Cd><Fmly><Cd>RCDT</Cd><SubFmlyCd>ATXN</SubFmlyCd></Fmly></Domn></BkTxCd><RltdPties><Dbtr><Nm>CONCARDIS GMBH</Nm><PstlAdr><AdrLine>HELFMANN PARK 7 DE 65760 ESCHBORN</AdrLine></PstlAdr></Dbtr><DbtrAcct><Id><IBAN>CH830023023065770601M</IBAN></Id></DbtrAcct><CdtrAcct><Id><IBAN>CH9209000000414939852</IBAN></Id></CdtrAcct></RltdPties><RltdAgts><DbtrAgt><FinInstnId><ClrSysMmbId><MmbId>230</MmbId></ClrSysMmbId><Nm>UBS Switzerland AG</Nm><PstlAdr><AdrLine>Bahnhofstrasse 45</AdrLine><AdrLine>8098 Zürich</AdrLine></PstlAdr></FinInstnId></DbtrAgt></RltdAgts><RmtInf><Ustrd>/ROC/CONCA00000004543 MC:DAT02.11.2</Ustrd><Ustrd>2:ZAHL-NR000033: BRUTTO180,06:KOM2,</Ustrd><Ustrd>68:VP156581201: FIL:TRX5 </Ustrd><Strd><AddtlRmtInf>?REJECT?000</AddtlRmtInf><AddtlRmtInf>?ERROR?000</AddtlRmtInf></Strd></RmtInf><RltdDts><AccptncDtTm>2022-11-14T20:00:00</AccptncDtTm></RltdDts></TxDtls></NtryDtls><AddtlNtryInf>GUTSCHRIFT AUFTRAGGEBER: CONCARDIS GMBH HELFMANN PARK 7 DE 65760 ESCHBORN MITTEILUNGEN: /ROC/CONCA00000004543 MC:DAT02.11.2 2:ZAHL-NR000033: BRUTTO180,06:KOM2, 68:VP156581201: FIL:TRX5  SPESENBETRAG 0.00 CHF SHA REFERENZEN: CONCA00000004543 9901818E67412943 221114CH09GQBY3G</AddtlNtryInf></Ntry><Ntry><NtryRef>CH9209000000414939852</NtryRef><Amt Ccy="CHF">150.24</Amt><CdtDbtInd>CRDT</CdtDbtInd><RvslInd>false</RvslInd><Sts>BOOK</Sts><BookgDt><Dt>2022-11-14</Dt></BookgDt><ValDt><Dt>2022-11-14</Dt></ValDt><AcctSvcrRef>318220109GQBXBDK</AcctSvcrRef><BkTxCd><Domn><Cd>PMNT</Cd><Fmly><Cd>RCDT</Cd><SubFmlyCd>ATXN</SubFmlyCd></Fmly></Domn></BkTxCd><NtryDtls><Btch><NbOfTxs>1</NbOfTxs></Btch><TxDtls><Refs><AcctSvcrRef>221114CH09GQBXBD</AcctSvcrRef><InstrId>9901818E67412985</InstrId><EndToEndId>CONCA00000004585</EndToEndId><Prtry><Tp>00</Tp><Ref>221114CH09GQBXBD</Ref></Prtry></Refs><Amt Ccy="CHF">150.24</Amt><CdtDbtInd>CRDT</CdtDbtInd><BkTxCd><Domn><Cd>PMNT</Cd><Fmly><Cd>RCDT</Cd><SubFmlyCd>ATXN</SubFmlyCd></Fmly></Domn></BkTxCd><RltdPties><Dbtr><Nm>CONCARDIS GMBH</Nm><PstlAdr><AdrLine>HELFMANN PARK 7 DE 65760 ESCHBORN</AdrLine></PstlAdr></Dbtr><DbtrAcct><Id><IBAN>CH830023023065770601M</IBAN></Id></DbtrAcct><CdtrAcct><Id><IBAN>CH9209000000414939852</IBAN></Id></CdtrAcct></RltdPties><RltdAgts><DbtrAgt><FinInstnId><ClrSysMmbId><MmbId>230</MmbId></ClrSysMmbId><Nm>UBS Switzerland AG</Nm><PstlAdr><AdrLine>Bahnhofstrasse 45</AdrLine><AdrLine>8098 Zürich</AdrLine></PstlAdr></FinInstnId></DbtrAgt></RltdAgts><RmtInf><Ustrd>/ROC/CONCA00000004585 MC:DAT02.11.2</Ustrd><Ustrd>2:ZAHL-NR000011: BRUTTO152,74:KOM2,</Ustrd><Ustrd>50:VP156589700: FIL:TRX1 </Ustrd><Strd><AddtlRmtInf>?REJECT?000</AddtlRmtInf><AddtlRmtInf>?ERROR?000</AddtlRmtInf></Strd></RmtInf><RltdDts><AccptncDtTm>2022-11-14T20:00:00</AccptncDtTm></RltdDts></TxDtls></NtryDtls><AddtlNtryInf>GUTSCHRIFT AUFTRAGGEBER: CONCARDIS GMBH HELFMANN PARK 7 DE 65760 ESCHBORN MITTEILUNGEN: /ROC/CONCA00000004585 MC:DAT02.11.2 2:ZAHL-NR000011: BRUTTO152,74:KOM2, 50:VP156589700: FIL:TRX1  SPESENBETRAG 0.00 CHF SHA REFERENZEN: CONCA00000004585 9901818E67412985 221114CH09GQBXBD</AddtlNtryInf></Ntry><Ntry><NtryRef>CH9209000000414939852</NtryRef><Amt Ccy="CHF">65.11</Amt><CdtDbtInd>CRDT</CdtDbtInd><RvslInd>false</RvslInd><Sts>BOOK</Sts><BookgDt><Dt>2022-11-14</Dt></BookgDt><ValDt><Dt>2022-11-14</Dt></ValDt><AcctSvcrRef>318220109GQBZKXK</AcctSvcrRef><BkTxCd><Domn><Cd>PMNT</Cd><Fmly><Cd>RCDT</Cd><SubFmlyCd>ATXN</SubFmlyCd></Fmly></Domn></BkTxCd><NtryDtls><Btch><NbOfTxs>1</NbOfTxs></Btch><TxDtls><Refs><AcctSvcrRef>221114CH09GQBZKX</AcctSvcrRef><InstrId>9901818E67412984</InstrId><EndToEndId>CONCA00000004584</EndToEndId><Prtry><Tp>00</Tp><Ref>221114CH09GQBZKX</Ref></Prtry></Refs><Amt Ccy="CHF">65.11</Amt><CdtDbtInd>CRDT</CdtDbtInd><BkTxCd><Domn><Cd>PMNT</Cd><Fmly><Cd>RCDT</Cd><SubFmlyCd>ATXN</SubFmlyCd></Fmly></Domn></BkTxCd><RltdPties><Dbtr><Nm>CONCARDIS GMBH</Nm><PstlAdr><AdrLine>HELFMANN PARK 7 DE 65760 ESCHBORN</AdrLine></PstlAdr></Dbtr><DbtrAcct><Id><IBAN>CH830023023065770601M</IBAN></Id></DbtrAcct><CdtrAcct><Id><IBAN>CH9209000000414939852</IBAN></Id></CdtrAcct></RltdPties><RltdAgts><DbtrAgt><FinInstnId><ClrSysMmbId><MmbId>230</MmbId></ClrSysMmbId><Nm>UBS Switzerland AG</Nm><PstlAdr><AdrLine>Bahnhofstrasse 45</AdrLine><AdrLine>8098 Zürich</AdrLine></PstlAdr></FinInstnId></DbtrAgt></RltdAgts><RmtInf><Ustrd>/ROC/CONCA00000004584 VI:DAT02.11.2</Ustrd><Ustrd>2:ZAHL-NR000027: BRUTTO66,03:KOM0,9</Ustrd><Ustrd>2:VP146589364: FIL:TRX1 </Ustrd><Strd><AddtlRmtInf>?REJECT?000</AddtlRmtInf><AddtlRmtInf>?ERROR?000</AddtlRmtInf></Strd></RmtInf><RltdDts><AccptncDtTm>2022-11-14T20:00:00</AccptncDtTm></RltdDts></TxDtls></NtryDtls><AddtlNtryInf>GUTSCHRIFT AUFTRAGGEBER: CONCARDIS GMBH HELFMANN PARK 7 DE 65760 ESCHBORN MITTEILUNGEN: /ROC/CONCA00000004584 VI:DAT02.11.2 2:ZAHL-NR000027: BRUTTO66,03:KOM0,9 2:VP146589364: FIL:TRX1  SPESENBETRAG 0.00 CHF SHA REFERENZEN: CONCA00000004584 9901818E67412984 221114CH09GQBZKX</AddtlNtryInf></Ntry><Ntry><NtryRef>CH9209000000414939852</NtryRef><Amt Ccy="CHF">60.15</Amt><CdtDbtInd>CRDT</CdtDbtInd><RvslInd>false</RvslInd><Sts>BOOK</Sts><BookgDt><Dt>2022-11-14</Dt></BookgDt><ValDt><Dt>2022-11-14</Dt></ValDt><AcctSvcrRef>318220109GQC4Z9K</AcctSvcrRef><BkTxCd><Domn><Cd>PMNT</Cd><Fmly><Cd>RCDT</Cd><SubFmlyCd>ATXN</SubFmlyCd></Fmly></Domn></BkTxCd><NtryDtls><Btch><NbOfTxs>1</NbOfTxs></Btch><TxDtls><Refs><AcctSvcrRef>221114CH09GQC4Z9</AcctSvcrRef><InstrId>9901818E67412981</InstrId><EndToEndId>CONCA00000004581</EndToEndId><Prtry><Tp>00</Tp><Ref>221114CH09GQC4Z9</Ref></Prtry></Refs><Amt Ccy="CHF">60.15</Amt><CdtDbtInd>CRDT</CdtDbtInd><BkTxCd><Domn><Cd>PMNT</Cd><Fmly><Cd>RCDT</Cd><SubFmlyCd>ATXN</SubFmlyCd></Fmly></Domn></BkTxCd><RltdPties><Dbtr><Nm>CONCARDIS GMBH</Nm><PstlAdr><AdrLine>HELFMANN PARK 7 DE 65760 ESCHBORN</AdrLine></PstlAdr></Dbtr><DbtrAcct><Id><IBAN>CH830023023065770601M</IBAN></Id></DbtrAcct><CdtrAcct><Id><IBAN>CH9209000000414939852</IBAN></Id></CdtrAcct></RltdPties><RltdAgts><DbtrAgt><FinInstnId><ClrSysMmbId><MmbId>230</MmbId></ClrSysMmbId><Nm>UBS Switzerland AG</Nm><PstlAdr><AdrLine>Bahnhofstrasse 45</AdrLine><AdrLine>8098 Zürich</AdrLine></PstlAdr></FinInstnId></DbtrAgt></RltdAgts><RmtInf><Ustrd>/ROC/CONCA00000004581 MC:DAT02.11.2</Ustrd><Ustrd>2:ZAHL-NR000017: BRUTTO61,04:KOM0,8</Ustrd><Ustrd>9:VP156589289: FIL:TRX2 </Ustrd><Strd><AddtlRmtInf>?REJECT?000</AddtlRmtInf><AddtlRmtInf>?ERROR?000</AddtlRmtInf></Strd></RmtInf><RltdDts><AccptncDtTm>2022-11-14T20:00:00</AccptncDtTm></RltdDts></TxDtls></NtryDtls><AddtlNtryInf>GUTSCHRIFT AUFTRAGGEBER: CONCARDIS GMBH HELFMANN PARK 7 DE 65760 ESCHBORN MITTEILUNGEN: /ROC/CONCA00000004581 MC:DAT02.11.2 2:ZAHL-NR000017: BRUTTO61,04:KOM0,8 9:VP156589289: FIL:TRX2  SPESENBETRAG 0.00 CHF SHA REFERENZEN: CONCA00000004581 9901818E67412981 221114CH09GQC4Z9</AddtlNtryInf></Ntry><Ntry><NtryRef>CH9209000000414939852</NtryRef><Amt Ccy="CHF">100.42</Amt><CdtDbtInd>CRDT</CdtDbtInd><RvslInd>false</RvslInd><Sts>BOOK</Sts><BookgDt><Dt>2022-11-14</Dt></BookgDt><ValDt><Dt>2022-11-14</Dt></ValDt><AcctSvcrRef>318220109GQC469K</AcctSvcrRef><BkTxCd><Domn><Cd>PMNT</Cd><Fmly><Cd>RCDT</Cd><SubFmlyCd>ATXN</SubFmlyCd></Fmly></Domn></BkTxCd><NtryDtls><Btch><NbOfTxs>1</NbOfTxs></Btch><TxDtls><Refs><AcctSvcrRef>221114CH09GQC469</AcctSvcrRef><InstrId>9901818E67412944</InstrId><EndToEndId>CONCA00000004544</EndToEndId><Prtry><Tp>00</Tp><Ref>221114CH09GQC469</Ref></Prtry></Refs><Amt Ccy="CHF">100.42</Amt><CdtDbtInd>CRDT</CdtDbtInd><BkTxCd><Domn><Cd>PMNT</Cd><Fmly><Cd>RCDT</Cd><SubFmlyCd>ATXN</SubFmlyCd></Fmly></Domn></BkTxCd><RltdPties><Dbtr><Nm>CONCARDIS GMBH</Nm><PstlAdr><AdrLine>HELFMANN PARK 7 DE 65760 ESCHBORN</AdrLine></PstlAdr></Dbtr><DbtrAcct><Id><IBAN>CH830023023065770601M</IBAN></Id></DbtrAcct><CdtrAcct><Id><IBAN>CH9209000000414939852</IBAN></Id></CdtrAcct></RltdPties><RltdAgts><DbtrAgt><FinInstnId><ClrSysMmbId><MmbId>230</MmbId></ClrSysMmbId><Nm>UBS Switzerland AG</Nm><PstlAdr><AdrLine>Bahnhofstrasse 45</AdrLine><AdrLine>8098 Zürich</AdrLine></PstlAdr></FinInstnId></DbtrAgt></RltdAgts><RmtInf><Ustrd>/ROC/CONCA00000004544 VI:DAT02.11.2</Ustrd><Ustrd>2:ZAHL-NR000034: BRUTTO101,80:KOM1,</Ustrd><Ustrd>38:VP146581203: FIL:TRX1 </Ustrd><Strd><AddtlRmtInf>?REJECT?000</AddtlRmtInf><AddtlRmtInf>?ERROR?000</AddtlRmtInf></Strd></RmtInf><RltdDts><AccptncDtTm>2022-11-14T20:00:00</AccptncDtTm></RltdDts></TxDtls></NtryDtls><AddtlNtryInf>GUTSCHRIFT AUFTRAGGEBER: CONCARDIS GMBH HELFMANN PARK 7 DE 65760 ESCHBORN MITTEILUNGEN: /ROC/CONCA00000004544 VI:DAT02.11.2 2:ZAHL-NR000034: BRUTTO101,80:KOM1, 38:VP146581203: FIL:TRX1  SPESENBETRAG 0.00 CHF SHA REFERENZEN: CONCA00000004544 9901818E67412944 221114CH09GQC469</AddtlNtryInf></Ntry><Ntry><NtryRef>CH9209000000414939852</NtryRef><Amt Ccy="CHF">160.55</Amt><CdtDbtInd>CRDT</CdtDbtInd><RvslInd>false</RvslInd><Sts>BOOK</Sts><BookgDt><Dt>2022-11-14</Dt></BookgDt><ValDt><Dt>2022-11-14</Dt></ValDt><AcctSvcrRef>318220109GQC2NWK</AcctSvcrRef><BkTxCd><Domn><Cd>PMNT</Cd><Fmly><Cd>RCDT</Cd><SubFmlyCd>ATXN</SubFmlyCd></Fmly></Domn></BkTxCd><NtryDtls><Btch><NbOfTxs>1</NbOfTxs></Btch><TxDtls><Refs><AcctSvcrRef>221114CH09GQC2NW</AcctSvcrRef><InstrId>9901818E67412982</InstrId><EndToEndId>CONCA00000004582</EndToEndId><Prtry><Tp>00</Tp><Ref>221114CH09GQC2NW</Ref></Prtry></Refs><Amt Ccy="CHF">160.55</Amt><CdtDbtInd>CRDT</CdtDbtInd><BkTxCd><Domn><Cd>PMNT</Cd><Fmly><Cd>RCDT</Cd><SubFmlyCd>ATXN</SubFmlyCd></Fmly></Domn></BkTxCd><RltdPties><Dbtr><Nm>CONCARDIS GMBH</Nm><PstlAdr><AdrLine>HELFMANN PARK 7 DE 65760 ESCHBORN</AdrLine></PstlAdr></Dbtr><DbtrAcct><Id><IBAN>CH830023023065770601M</IBAN></Id></DbtrAcct><CdtrAcct><Id><IBAN>CH9209000000414939852</IBAN></Id></CdtrAcct></RltdPties><RltdAgts><DbtrAgt><FinInstnId><ClrSysMmbId><MmbId>230</MmbId></ClrSysMmbId><Nm>UBS Switzerland AG</Nm><PstlAdr><AdrLine>Bahnhofstrasse 45</AdrLine><AdrLine>8098 Zürich</AdrLine></PstlAdr></FinInstnId></DbtrAgt></RltdAgts><RmtInf><Ustrd>/ROC/CONCA00000004582 MC:DAT02.11.2</Ustrd><Ustrd>2:ZAHL-NR000033: BRUTTO162,84:KOM2,</Ustrd><Ustrd>29:VP156589312: FIL:TRX3 </Ustrd><Strd><AddtlRmtInf>?REJECT?000</AddtlRmtInf><AddtlRmtInf>?ERROR?000</AddtlRmtInf></Strd></RmtInf><RltdDts><AccptncDtTm>2022-11-14T20:00:00</AccptncDtTm></RltdDts></TxDtls></NtryDtls><AddtlNtryInf>GUTSCHRIFT AUFTRAGGEBER: CONCARDIS GMBH HELFMANN PARK 7 DE 65760 ESCHBORN MITTEILUNGEN: /ROC/CONCA00000004582 MC:DAT02.11.2 2:ZAHL-NR000033: BRUTTO162,84:KOM2, 29:VP156589312: FIL:TRX3  SPESENBETRAG 0.00 CHF SHA REFERENZEN: CONCA00000004582 9901818E67412982 221114CH09GQC2NW</AddtlNtryInf></Ntry><Ntry><NtryRef>CH9209000000414939852</NtryRef><Amt Ccy="CHF">267.67</Amt><CdtDbtInd>CRDT</CdtDbtInd><RvslInd>false</RvslInd><Sts>BOOK</Sts><BookgDt><Dt>2022-11-14</Dt></BookgDt><ValDt><Dt>2022-11-14</Dt></ValDt><AcctSvcrRef>318220109GQBY1QK</AcctSvcrRef><BkTxCd><Domn><Cd>PMNT</Cd><Fmly><Cd>RCDT</Cd><SubFmlyCd>ATXN</SubFmlyCd></Fmly></Domn></BkTxCd><NtryDtls><Btch><NbOfTxs>1</NbOfTxs></Btch><TxDtls><Refs><AcctSvcrRef>221114CH09GQBY1Q</AcctSvcrRef><InstrId>9901818E67412983</InstrId><EndToEndId>CONCA00000004583</EndToEndId><Prtry><Tp>00</Tp><Ref>221114CH09GQBY1Q</Ref></Prtry></Refs><Amt Ccy="CHF">267.67</Amt><CdtDbtInd>CRDT</CdtDbtInd><BkTxCd><Domn><Cd>PMNT</Cd><Fmly><Cd>RCDT</Cd><SubFmlyCd>ATXN</SubFmlyCd></Fmly></Domn></BkTxCd><RltdPties><Dbtr><Nm>CONCARDIS GMBH</Nm><PstlAdr><AdrLine>HELFMANN PARK 7 DE 65760 ESCHBORN</AdrLine></PstlAdr></Dbtr><DbtrAcct><Id><IBAN>CH830023023065770601M</IBAN></Id></DbtrAcct><CdtrAcct><Id><IBAN>CH9209000000414939852</IBAN></Id></CdtrAcct></RltdPties><RltdAgts><DbtrAgt><FinInstnId><ClrSysMmbId><MmbId>230</MmbId></ClrSysMmbId><Nm>UBS Switzerland AG</Nm><PstlAdr><AdrLine>Bahnhofstrasse 45</AdrLine><AdrLine>8098 Zürich</AdrLine></PstlAdr></FinInstnId></DbtrAgt></RltdAgts><RmtInf><Ustrd>/ROC/CONCA00000004583 MC:DAT02.11.2</Ustrd><Ustrd>2:ZAHL-NR000027: BRUTTO271,58:KOM3,</Ustrd><Ustrd>91:VP156589338: FIL:TRX4 </Ustrd><Strd><AddtlRmtInf>?REJECT?000</AddtlRmtInf><AddtlRmtInf>?ERROR?000</AddtlRmtInf></Strd></RmtInf><RltdDts><AccptncDtTm>2022-11-14T20:00:00</AccptncDtTm></RltdDts></TxDtls></NtryDtls><AddtlNtryInf>GUTSCHRIFT AUFTRAGGEBER: CONCARDIS GMBH HELFMANN PARK 7 DE 65760 ESCHBORN MITTEILUNGEN: /ROC/CONCA00000004583 MC:DAT02.11.2 2:ZAHL-NR000027: BRUTTO271,58:KOM3, 91:VP156589338: FIL:TRX4  SPESENBETRAG 0.00 CHF SHA REFERENZEN: CONCA00000004583 9901818E67412983 221114CH09GQBY1Q</AddtlNtryInf></Ntry><Ntry><Amt Ccy="CHF">36966.02</Amt><CdtDbtInd>DBIT</CdtDbtInd><RvslInd>false</RvslInd><Sts>BOOK</Sts><BookgDt><Dt>2022-11-14</Dt></BookgDt><ValDt><Dt>2022-11-14</Dt></ValDt><AcctSvcrRef>318220009GOOEOTK</AcctSvcrRef><BkTxCd><Domn><Cd>PMNT</Cd><Fmly><Cd>ICDT</Cd><SubFmlyCd>XBCT</SubFmlyCd></Fmly></Domn></BkTxCd><NtryDtls><TxDtls><Refs><AcctSvcrRef>25-695966101-1</AcctSvcrRef><PmtInfId>25:695966101</PmtInfId><InstrId>20221114000800359569329</InstrId></Refs><Amt Ccy="CHF">36966.02</Amt><CdtDbtInd>DBIT</CdtDbtInd><AmtDtls><InstdAmt><Amt Ccy="EUR">37328.10</Amt><CcyXchg><SrcCcy>EUR</SrcCcy><XchgRate>0.9903</XchgRate></CcyXchg></InstdAmt></AmtDtls><BkTxCd><Domn><Cd>PMNT</Cd><Fmly><Cd>ICDT</Cd><SubFmlyCd>XBCT</SubFmlyCd></Fmly></Domn></BkTxCd><RltdPties><Cdtr><Nm>LivingCare GmbH</Nm><PstlAdr><StrtNm>Randenweg</StrtNm><BldgNb>21</BldgNb><PstCd>79798</PstCd><TwnNm>Jestetten</TwnNm><Ctry>DE</Ctry></PstlAdr></Cdtr><CdtrAcct><Id><IBAN>DE59684922000002220830</IBAN></Id></CdtrAcct></RltdPties><RltdAgts><CdtrAgt><FinInstnId><BICFI>GENODE61WT1</BICFI><Nm>VOLKSBANK HOCHRHEIN EG</Nm><PstlAdr><Ctry>DE</Ctry><AdrLine>BISMARCKSTRASSE 29 79761 WALDSHUT-TIENGEN</AdrLine></PstlAdr></FinInstnId></CdtrAgt></RltdAgts><RmtInf><Ustrd>Tischplatten mein-stehtisch.ch</Ustrd></RmtInf></TxDtls></NtryDtls><AddtlNtryInf>GIRO INTERNATIONAL URGENT EXPRESS EUR 37'328.10 ZUM KURS VON 0.9903 VOLKSBANK HOCHRHEIN EG BISMARCKSTRASSE 29 79761 WALDSHUT-TIENGEN DE59684922000002220830 LIVINGCARE GMBH RANDENWEG 21 79798 JESTETTEN SENDER REFERENZ: TISCHPLATTEN 20221114000800359569329</AddtlNtryInf></Ntry><Ntry><NtryRef>CH9209000000414939852</NtryRef><Amt Ccy="CHF">149.90</Amt><CdtDbtInd>CRDT</CdtDbtInd><RvslInd>false</RvslInd><Sts>BOOK</Sts><BookgDt><Dt>2022-11-14</Dt></BookgDt><ValDt><Dt>2022-11-14</Dt></ValDt><AcctSvcrRef>318220109GRG374K</AcctSvcrRef><BkTxCd><Domn><Cd>PMNT</Cd><Fmly><Cd>RCDT</Cd><SubFmlyCd>ATXN</SubFmlyCd></Fmly></Domn></BkTxCd><NtryDtls><Btch><NbOfTxs>1</NbOfTxs></Btch><TxDtls><Refs><AcctSvcrRef>221114CH09GRG374</AcctSvcrRef><InstrId>21114468903.0003</InstrId><EndToEndId>NOTPROVIDED</EndToEndId><Prtry><Tp>00</Tp><Ref>221114CH09GRG374</Ref></Prtry></Refs><Amt Ccy="CHF">149.90</Amt><CdtDbtInd>CRDT</CdtDbtInd><BkTxCd><Domn><Cd>PMNT</Cd><Fmly><Cd>RCDT</Cd><SubFmlyCd>ATXN</SubFmlyCd></Fmly></Domn></BkTxCd><RltdPties><Dbtr><Nm>Sarah Luescher</Nm><PstlAdr><AdrLine>Multenrain 20</AdrLine><AdrLine>5037 Muhen</AdrLine></PstlAdr></Dbtr><DbtrAcct><Id><IBAN>CH3206588220377843688</IBAN></Id></DbtrAcct><CdtrAcct><Id><IBAN>CH9209000000414939852</IBAN></Id></CdtrAcct></RltdPties><RltdAgts><DbtrAgt><FinInstnId><ClrSysMmbId><MmbId>6588</MmbId></ClrSysMmbId><Nm>Bank Leerau Genossenschaft</Nm><PstlAdr><AdrLine>Dorfstrasse 476</AdrLine><AdrLine>5054 Kirchleerau</AdrLine></PstlAdr></FinInstnId></DbtrAgt></RltdAgts><RmtInf><Ustrd>Gemaess Mail (C.Breitfeld) auf Vork</Ustrd><Ustrd>asse Zustelladresse: Multenrain 20,</Ustrd><Ustrd> 5037 Muhen</Ustrd><Strd><AddtlRmtInf>?REJECT?000</AddtlRmtInf><AddtlRmtInf>?ERROR?000</AddtlRmtInf></Strd></RmtInf><RltdDts><AccptncDtTm>2022-11-14T20:00:00</AccptncDtTm></RltdDts></TxDtls></NtryDtls><AddtlNtryInf>GUTSCHRIFT AUFTRAGGEBER: SARAH LUESCHER MULTENRAIN 20 5037 MUHEN MITTEILUNGEN: GEMAESS MAIL (C.BREITFELD) AUF VORK ASSE ZUSTELLADRESSE: MULTENRAIN 20,  5037 MUHEN REFERENZEN: NOTPROVIDED 21114468903.0003 221114CH09GRG374</AddtlNtryInf></Ntry><Ntry><NtryRef>CH4330000001414939852</NtryRef><Amt Ccy="CHF">5915.59</Amt><CdtDbtInd>CRDT</CdtDbtInd><RvslInd>false</RvslInd><Sts>BOOK</Sts><BookgDt><Dt>2022-11-14</Dt></BookgDt><ValDt><Dt>2022-11-14</Dt></ValDt><AcctSvcrRef>318220009GSMGVJU</AcctSvcrRef><BkTxCd><Domn><Cd>PMNT</Cd><Fmly><Cd>RCDT</Cd><SubFmlyCd>VCOM</SubFmlyCd></Fmly></Domn></BkTxCd><Chrgs><TtlChrgsAndTaxAmt Ccy="CHF">7.60</TtlChrgsAndTaxAmt><Rcrd><Amt Ccy="CHF">7.60</Amt><CdtDbtInd>DBIT</CdtDbtInd><ChrgInclInd>false</ChrgInclInd><Tp><Prtry><Id>2</Id></Prtry></Tp></Rcrd></Chrgs><NtryDtls><TxDtls><Refs><AcctSvcrRef>318220009GSMGVJU</AcctSvcrRef></Refs><Amt Ccy="CHF">5915.59</Amt><CdtDbtInd>CRDT</CdtDbtInd></TxDtls></NtryDtls><AddtlNtryInf>SAMMELGUTSCHRIFT FÜR KONTO: CH4330000001414939852 VERARBEITUNG VOM 14.11.2022 PAKET ID: 221114CH000006W1</AddtlNtryInf></Ntry><Ntry><NtryRef>CH9530000002414939852</NtryRef><Amt Ccy="CHF">401.10</Amt><CdtDbtInd>CRDT</CdtDbtInd><RvslInd>false</RvslInd><Sts>BOOK</Sts><BookgDt><Dt>2022-11-14</Dt></BookgDt><ValDt><Dt>2022-11-14</Dt></ValDt><AcctSvcrRef>318220009GSME6QU</AcctSvcrRef><BkTxCd><Domn><Cd>PMNT</Cd><Fmly><Cd>RCDT</Cd><SubFmlyCd>VCOM</SubFmlyCd></Fmly></Domn></BkTxCd><NtryDtls><TxDtls><Refs><AcctSvcrRef>318220009GSME6QU</AcctSvcrRef></Refs><Amt Ccy="CHF">401.10</Amt><CdtDbtInd>CRDT</CdtDbtInd></TxDtls></NtryDtls><AddtlNtryInf>SAMMELGUTSCHRIFT FÜR KONTO: CH9530000002414939852 VERARBEITUNG VOM 14.11.2022 PAKET ID: 221114CH00000D9S</AddtlNtryInf></Ntry><Ntry><Amt Ccy="CHF">104.80</Amt><CdtDbtInd>CRDT</CdtDbtInd><RvslInd>false</RvslInd><Sts>BOOK</Sts><BookgDt><Dt>2022-11-14</Dt></BookgDt><ValDt><Dt>2022-11-14</Dt></ValDt><AcctSvcrRef>3182400322992988</AcctSvcrRef><BkTxCd><Domn><Cd>PMNT</Cd><Fmly><Cd>MCRD</Cd><SubFmlyCd>POSP</SubFmlyCd></Fmly></Domn></BkTxCd><NtryDtls><TxDtls><Refs><AcctSvcrRef>3182400322992988</AcctSvcrRef></Refs><Amt Ccy="CHF">104.80</Amt><CdtDbtInd>CRDT</CdtDbtInd></TxDtls></NtryDtls><AddtlNtryInf>GUTSCHRIFT E-PAYMENT-TRANSAKTIONEN POSTFINANCE CARD EINLIEFERUNG VOM 13.11.2022 EVERSMART PRODUCTS HANDELS GMBH PFAQ08TX0000001 HTTPS://KNIRSCHFREI.CH</AddtlNtryInf></Ntry></Stmt></BkToCstmrStmt></Document>
