<?xml version="1.0" encoding="UTF-8"?>
<Document xmlns="urn:iso:std:iso:20022:tech:xsd:camt.053.001.04" xmlns:xsi="http://www.w3.org/2001/XMLSchema-instance" xsi:schemaLocation="urn:iso:std:iso:20022:tech:xsd:camt.053.001.04 camt.053.001.04.xsd"><BkToCstmrStmt><GrpHdr><MsgId>20221020375204954958978</MsgId><CreDtTm>2022-10-21T01:31:15</CreDtTm><MsgPgntn><PgNb>1</PgNb><LastPgInd>true</LastPgInd></MsgPgntn><AddtlInf>SPS/1.7/PROD</AddtlInf></GrpHdr><Stmt><Id>20221020375204954958995</Id><ElctrncSeqNb>206</ElctrncSeqNb><CreDtTm>2022-10-21T01:31:15</CreDtTm><FrToDt><FrDtTm>2022-10-20T00:00:00</FrDtTm><ToDtTm>2022-10-20T23:59:59</ToDtTm></FrToDt><Acct><Id><IBAN>CH9209000000414939852</IBAN></Id><Ownr><Nm>eversmart products Handels GmbH Pfäffikon SZ</Nm></Ownr></Acct><Bal><Tp><CdOrPrtry><Cd>OPBD</Cd></CdOrPrtry></Tp><Amt Ccy="CHF">117022.53</Amt><CdtDbtInd>CRDT</CdtDbtInd><Dt><Dt>2022-10-20</Dt></Dt></Bal><Bal><Tp><CdOrPrtry><Cd>CLBD</Cd></CdOrPrtry></Tp><Amt Ccy="CHF">46936.81</Amt><CdtDbtInd>CRDT</CdtDbtInd><Dt><Dt>2022-10-20</Dt></Dt></Bal><Bal><Tp><CdOrPrtry><Cd>CLAV</Cd></CdOrPrtry></Tp><Amt Ccy="CHF">46936.81</Amt><CdtDbtInd>CRDT</CdtDbtInd><Dt><Dt>2022-10-20</Dt></Dt></Bal><Bal><Tp><CdOrPrtry><Cd>FWAV</Cd></CdOrPrtry></Tp><Amt Ccy="CHF">46791.96</Amt><CdtDbtInd>CRDT</CdtDbtInd><Dt><Dt>2022-10-21</Dt></Dt></Bal><Ntry><Amt Ccy="CHF">14.90</Amt><CdtDbtInd>DBIT</CdtDbtInd><RvslInd>false</RvslInd><Sts>BOOK</Sts><BookgDt><Dt>2022-10-20</Dt></BookgDt><ValDt><Dt>2022-10-20</Dt></ValDt><AcctSvcrRef>293220009CLC29VK</AcctSvcrRef><BkTxCd><Domn><Cd>PMNT</Cd><Fmly><Cd>ICDT</Cd><SubFmlyCd>BOOK</SubFmlyCd></Fmly></Domn></BkTxCd><NtryDtls><TxDtls><Refs><AcctSvcrRef>25-678994769-1</AcctSvcrRef><PmtInfId>25:678994769</PmtInfId><InstrId>20221019000800871971035</InstrId></Refs><Amt Ccy="CHF">14.90</Amt><CdtDbtInd>DBIT</CdtDbtInd><BkTxCd><Domn><Cd>PMNT</Cd><Fmly><Cd>ICDT</Cd><SubFmlyCd>BOOK</SubFmlyCd></Fmly></Domn></BkTxCd><RltdPties><Cdtr><Nm>cyon GmbH</Nm><PstlAdr><Ctry>CH</Ctry><AdrLine>Basel</AdrLine></PstlAdr></Cdtr><CdtrAcct><Id><IBAN>CH4230000001463965319</IBAN></Id></CdtrAcct></RltdPties><RltdAgts><CdtrAgt><FinInstnId><BICFI>POFICHBEXXX</BICFI><PstlAdr><Ctry>CH</Ctry></PstlAdr></FinInstnId></CdtrAgt></RltdAgts><RmtInf><Strd><CdtrRefInf><Tp><CdOrPrtry><Prtry>QRR</Prtry></CdOrPrtry></Tp><Ref>000001711699000000022431493</Ref></CdtrRefInf></Strd></RmtInf></TxDtls></NtryDtls><AddtlNtryInf>LASTSCHRIFT CH4230000001463965319 CYON GMBH BASEL SENDER REFERENZ: 20221019000800871971035</AddtlNtryInf></Ntry><Ntry><Amt Ccy="CHF">420.00</Amt><CdtDbtInd>DBIT</CdtDbtInd><RvslInd>false</RvslInd><Sts>BOOK</Sts><BookgDt><Dt>2022-10-20</Dt></BookgDt><ValDt><Dt>2022-10-20</Dt></ValDt><AcctSvcrRef>293220009CM91NZK</AcctSvcrRef><BkTxCd><Domn><Cd>PMNT</Cd><Fmly><Cd>ICDT</Cd><SubFmlyCd>BOOK</SubFmlyCd></Fmly></Domn></BkTxCd><NtryDtls><TxDtls><Refs><AcctSvcrRef>25-678999461-1</AcctSvcrRef><PmtInfId>25:678999461</PmtInfId><InstrId>20221019000800872117570</InstrId></Refs><Amt Ccy="CHF">420.00</Amt><CdtDbtInd>DBIT</CdtDbtInd><BkTxCd><Domn><Cd>PMNT</Cd><Fmly><Cd>ICDT</Cd><SubFmlyCd>BOOK</SubFmlyCd></Fmly></Domn></BkTxCd><RltdPties><Cdtr><Nm>cyon GmbH</Nm><PstlAdr><Ctry>CH</Ctry><AdrLine>Basel</AdrLine></PstlAdr></Cdtr><CdtrAcct><Id><IBAN>CH4230000001463965319</IBAN></Id></CdtrAcct></RltdPties><RltdAgts><CdtrAgt><FinInstnId><BICFI>POFICHBEXXX</BICFI><PstlAdr><Ctry>CH</Ctry></PstlAdr></FinInstnId></CdtrAgt></RltdAgts><RmtInf><Strd><CdtrRefInf><Tp><CdOrPrtry><Prtry>QRR</Prtry></CdOrPrtry></Tp><Ref>000001711699000000025365454</Ref></CdtrRefInf></Strd></RmtInf></TxDtls></NtryDtls><AddtlNtryInf>LASTSCHRIFT CH4230000001463965319 CYON GMBH BASEL SENDER REFERENZ: 20221019000800872117570</AddtlNtryInf></Ntry><Ntry><Amt Ccy="CHF">14.90</Amt><CdtDbtInd>DBIT</CdtDbtInd><RvslInd>false</RvslInd><Sts>BOOK</Sts><BookgDt><Dt>2022-10-20</Dt></BookgDt><ValDt><Dt>2022-10-20</Dt></ValDt><AcctSvcrRef>293220009CLQSAHK</AcctSvcrRef><BkTxCd><Domn><Cd>PMNT</Cd><Fmly><Cd>ICDT</Cd><SubFmlyCd>BOOK</SubFmlyCd></Fmly></Domn></BkTxCd><NtryDtls><TxDtls><Refs><AcctSvcrRef>25-678998690-1</AcctSvcrRef><PmtInfId>25:678998690</PmtInfId><InstrId>20221019000800872093777</InstrId></Refs><Amt Ccy="CHF">14.90</Amt><CdtDbtInd>DBIT</CdtDbtInd><BkTxCd><Domn><Cd>PMNT</Cd><Fmly><Cd>ICDT</Cd><SubFmlyCd>BOOK</SubFmlyCd></Fmly></Domn></BkTxCd><RltdPties><Cdtr><Nm>cyon GmbH</Nm><PstlAdr><Ctry>CH</Ctry><AdrLine>Basel</AdrLine></PstlAdr></Cdtr><CdtrAcct><Id><IBAN>CH4230000001463965319</IBAN></Id></CdtrAcct></RltdPties><RltdAgts><CdtrAgt><FinInstnId><BICFI>POFICHBEXXX</BICFI><PstlAdr><Ctry>CH</Ctry></PstlAdr></FinInstnId></CdtrAgt></RltdAgts><RmtInf><Strd><CdtrRefInf><Tp><CdOrPrtry><Prtry>QRR</Prtry></CdOrPrtry></Tp><Ref>000001711699000000022503965</Ref></CdtrRefInf></Strd></RmtInf></TxDtls></NtryDtls><AddtlNtryInf>LASTSCHRIFT CH4230000001463965319 CYON GMBH BASEL SENDER REFERENZ: 20221019000800872093777</AddtlNtryInf></Ntry><Ntry><Amt Ccy="CHF">18989.65</Amt><CdtDbtInd>DBIT</CdtDbtInd><RvslInd>false</RvslInd><Sts>BOOK</Sts><BookgDt><Dt>2022-10-20</Dt></BookgDt><ValDt><Dt>2022-10-20</Dt></ValDt><AcctSvcrRef>293220009CMGZSBK</AcctSvcrRef><BkTxCd><Domn><Cd>PMNT</Cd><Fmly><Cd>ICDT</Cd><SubFmlyCd>DMCT</SubFmlyCd></Fmly></Domn></BkTxCd><NtryDtls><TxDtls><Refs><AcctSvcrRef>25-678929575-1</AcctSvcrRef><PmtInfId>25:678929575</PmtInfId><InstrId>20221019000800869791706</InstrId></Refs><Amt Ccy="CHF">18989.65</Amt><CdtDbtInd>DBIT</CdtDbtInd><BkTxCd><Domn><Cd>PMNT</Cd><Fmly><Cd>ICDT</Cd><SubFmlyCd>DMCT</SubFmlyCd></Fmly></Domn></BkTxCd><RltdPties><Cdtr><Nm>Timo Miczek</Nm><PstlAdr><Ctry>CH</Ctry><AdrLine>Schindellegistrasse 65 8808 Pfäffikon</AdrLine></PstlAdr></Cdtr><CdtrAcct><Id><IBAN>CH2981479000001234792</IBAN></Id></CdtrAcct></RltdPties><RltdAgts><CdtrAgt><FinInstnId><BICFI>RAIFCH22E79</BICFI><Nm>Raiffeisenbank Weinland</Nm><PstlAdr><Ctry>CH</Ctry><AdrLine>Thurtalstrasse 4 8450 Andelfingen</AdrLine></PstlAdr></FinInstnId></CdtrAgt></RltdAgts><RmtInf><Ustrd>Lohn Okt 2022</Ustrd><Strd><AddtlRmtInf>Lohn Okt 2022</AddtlRmtInf></Strd></RmtInf></TxDtls></NtryDtls><AddtlNtryInf>LASTSCHRIFT RAIFFEISENBANK WEINLAND THURTALSTRASSE 4 8450 ANDELFINGEN CH2981479000001234792 TIMO MICZEK SCHINDELLEGISTRASSE 65 8808 PFÄFFIKON SENDER REFERENZ: LOHN OKT 2022 20221019000800869791706</AddtlNtryInf></Ntry><Ntry><Amt Ccy="CHF">2506.89</Amt><CdtDbtInd>DBIT</CdtDbtInd><RvslInd>false</RvslInd><Sts>BOOK</Sts><BookgDt><Dt>2022-10-20</Dt></BookgDt><ValDt><Dt>2022-10-20</Dt></ValDt><AcctSvcrRef>293220009CM5VCFK</AcctSvcrRef><BkTxCd><Domn><Cd>PMNT</Cd><Fmly><Cd>ICDT</Cd><SubFmlyCd>DMCT</SubFmlyCd></Fmly></Domn></BkTxCd><NtryDtls><TxDtls><Refs><AcctSvcrRef>25-678928145-1</AcctSvcrRef><PmtInfId>25:678928145</PmtInfId><InstrId>20221019000800869764432</InstrId></Refs><Amt Ccy="CHF">2506.89</Amt><CdtDbtInd>DBIT</CdtDbtInd><BkTxCd><Domn><Cd>PMNT</Cd><Fmly><Cd>ICDT</Cd><SubFmlyCd>DMCT</SubFmlyCd></Fmly></Domn></BkTxCd><RltdPties><Cdtr><Nm>Nunes de Moura Adairlis</Nm><PstlAdr><Ctry>CH</Ctry></PstlAdr></Cdtr><CdtrAcct><Id><IBAN>CH9280808007332815007</IBAN></Id></CdtrAcct></RltdPties><RltdAgts><CdtrAgt><FinInstnId><BICFI>RAIFCH22XXX</BICFI><Nm>Raiffeisen</Nm><PstlAdr><Ctry>CH</Ctry><AdrLine>Raiffeisenplatz</AdrLine><AdrLine>9001 St. Gallen</AdrLine></PstlAdr></FinInstnId></CdtrAgt></RltdAgts><RmtInf><Ustrd>Lohn Okt 2022</Ustrd><Strd><AddtlRmtInf>Lohn Okt 2022</AddtlRmtInf></Strd></RmtInf></TxDtls></NtryDtls><AddtlNtryInf>LASTSCHRIFT RAIFFEISEN RAIFFEISENPLATZ 9001 ST. GALLEN CH9280808007332815007 NUNES DE MOURA ADAIRLIS SENDER REFERENZ: LOHN OKT 2022 20221019000800869764432</AddtlNtryInf></Ntry><Ntry><Amt Ccy="CHF">14.90</Amt><CdtDbtInd>DBIT</CdtDbtInd><RvslInd>false</RvslInd><Sts>BOOK</Sts><BookgDt><Dt>2022-10-20</Dt></BookgDt><ValDt><Dt>2022-10-20</Dt></ValDt><AcctSvcrRef>293220009CLQF4GK</AcctSvcrRef><BkTxCd><Domn><Cd>PMNT</Cd><Fmly><Cd>ICDT</Cd><SubFmlyCd>BOOK</SubFmlyCd></Fmly></Domn></BkTxCd><NtryDtls><TxDtls><Refs><AcctSvcrRef>25-678994573-1</AcctSvcrRef><PmtInfId>25:678994573</PmtInfId><InstrId>20221019000800871963932</InstrId></Refs><Amt Ccy="CHF">14.90</Amt><CdtDbtInd>DBIT</CdtDbtInd><BkTxCd><Domn><Cd>PMNT</Cd><Fmly><Cd>ICDT</Cd><SubFmlyCd>BOOK</SubFmlyCd></Fmly></Domn></BkTxCd><RltdPties><Cdtr><Nm>cyon GmbH</Nm><PstlAdr><Ctry>CH</Ctry><AdrLine>Basel</AdrLine></PstlAdr></Cdtr><CdtrAcct><Id><IBAN>CH4230000001463965319</IBAN></Id></CdtrAcct></RltdPties><RltdAgts><CdtrAgt><FinInstnId><BICFI>POFICHBEXXX</BICFI><PstlAdr><Ctry>CH</Ctry></PstlAdr></FinInstnId></CdtrAgt></RltdAgts><RmtInf><Strd><CdtrRefInf><Tp><CdOrPrtry><Prtry>QRR</Prtry></CdOrPrtry></Tp><Ref>000001711699000000022869083</Ref></CdtrRefInf></Strd></RmtInf></TxDtls></NtryDtls><AddtlNtryInf>LASTSCHRIFT CH4230000001463965319 CYON GMBH BASEL SENDER REFERENZ: 20221019000800871963932</AddtlNtryInf></Ntry><Ntry><Amt Ccy="CHF">420.00</Amt><CdtDbtInd>DBIT</CdtDbtInd><RvslInd>false</RvslInd><Sts>BOOK</Sts><BookgDt><Dt>2022-10-20</Dt></BookgDt><ValDt><Dt>2022-10-20</Dt></ValDt><AcctSvcrRef>293220009CLAY55K</AcctSvcrRef><BkTxCd><Domn><Cd>PMNT</Cd><Fmly><Cd>ICDT</Cd><SubFmlyCd>BOOK</SubFmlyCd></Fmly></Domn></BkTxCd><NtryDtls><TxDtls><Refs><AcctSvcrRef>25-678999806-1</AcctSvcrRef><PmtInfId>25:678999806</PmtInfId><InstrId>20221019000800872129247</InstrId></Refs><Amt Ccy="CHF">420.00</Amt><CdtDbtInd>DBIT</CdtDbtInd><BkTxCd><Domn><Cd>PMNT</Cd><Fmly><Cd>ICDT</Cd><SubFmlyCd>BOOK</SubFmlyCd></Fmly></Domn></BkTxCd><RltdPties><Cdtr><Nm>cyon GmbH</Nm><PstlAdr><Ctry>CH</Ctry><AdrLine>Basel</AdrLine></PstlAdr></Cdtr><CdtrAcct><Id><IBAN>CH4230000001463965319</IBAN></Id></CdtrAcct></RltdPties><RltdAgts><CdtrAgt><FinInstnId><BICFI>POFICHBEXXX</BICFI><PstlAdr><Ctry>CH</Ctry></PstlAdr></FinInstnId></CdtrAgt></RltdAgts><RmtInf><Strd><CdtrRefInf><Tp><CdOrPrtry><Prtry>QRR</Prtry></CdOrPrtry></Tp><Ref>000001711699000000025136208</Ref></CdtrRefInf></Strd></RmtInf></TxDtls></NtryDtls><AddtlNtryInf>LASTSCHRIFT CH4230000001463965319 CYON GMBH BASEL SENDER REFERENZ: 20221019000800872129247</AddtlNtryInf></Ntry><Ntry><NtryRef>CH9209000000414939852</NtryRef><Amt Ccy="CHF">69.90</Amt><CdtDbtInd>CRDT</CdtDbtInd><RvslInd>false</RvslInd><Sts>BOOK</Sts><BookgDt><Dt>2022-10-20</Dt></BookgDt><ValDt><Dt>2022-10-20</Dt></ValDt><AcctSvcrRef>293220109CMFO9MK</AcctSvcrRef><BkTxCd><Domn><Cd>PMNT</Cd><Fmly><Cd>RCDT</Cd><SubFmlyCd>AUTT</SubFmlyCd></Fmly></Domn></BkTxCd><NtryDtls><Btch><NbOfTxs>1</NbOfTxs></Btch><TxDtls><Refs><AcctSvcrRef>221019CH09CMFO9M</AcctSvcrRef><InstrId>20221019000800878140358</InstrId><Prtry><Tp>00</Tp><Ref>221019CH09CMFO9M</Ref></Prtry></Refs><Amt Ccy="CHF">69.90</Amt><CdtDbtInd>CRDT</CdtDbtInd><BkTxCd><Domn><Cd>PMNT</Cd><Fmly><Cd>RCDT</Cd><SubFmlyCd>AUTT</SubFmlyCd></Fmly></Domn></BkTxCd><RltdPties><Dbtr><Nm>Irmsch Patrick</Nm><PstlAdr><StrtNm>Hummelbergstrasse</StrtNm><BldgNb>64</BldgNb><PstCd>8645</PstCd><TwnNm>Jona</TwnNm><Ctry>CH</Ctry></PstlAdr></Dbtr><DbtrAcct><Id><IBAN>CH2509000000611874823</IBAN></Id></DbtrAcct><CdtrAcct><Id><IBAN>CH9209000000414939852</IBAN></Id></CdtrAcct></RltdPties><RltdAgts><DbtrAgt><FinInstnId><BICFI>POFICHBEXXX</BICFI><Nm>POSTFINANCE AG</Nm><PstlAdr><AdrLine>MINGERSTRASSE 20</AdrLine><AdrLine>3030 BERN</AdrLine></PstlAdr></FinInstnId></DbtrAgt></RltdAgts><RmtInf><Ustrd>Rechnung RE-95040 Patrick Irmsch</Ustrd><Strd><AddtlRmtInf>?REJECT?0</AddtlRmtInf><AddtlRmtInf>?ERROR?000</AddtlRmtInf></Strd></RmtInf><RltdDts><AccptncDtTm>2022-10-20T20:00:00</AccptncDtTm></RltdDts></TxDtls></NtryDtls><AddtlNtryInf>GUTSCHRIFT CH2509000000611874823 ABSENDER: IRMSCH PATRICK HUMMELBERGSTRASSE 64 8645 JONA MITTEILUNGEN: RECHNUNG RE-95040 PATRICK IRMSCH</AddtlNtryInf></Ntry><Ntry><Amt Ccy="CHF">57823.33</Amt><CdtDbtInd>DBIT</CdtDbtInd><RvslInd>false</RvslInd><Sts>BOOK</Sts><BookgDt><Dt>2022-10-20</Dt></BookgDt><ValDt><Dt>2022-10-20</Dt></ValDt><AcctSvcrRef>293220009CLSJGCK</AcctSvcrRef><BkTxCd><Domn><Cd>PMNT</Cd><Fmly><Cd>ICDT</Cd><SubFmlyCd>XBCT</SubFmlyCd></Fmly></Domn></BkTxCd><NtryDtls><TxDtls><Refs><AcctSvcrRef>25-678936022-1</AcctSvcrRef><PmtInfId>25:678936022</PmtInfId><InstrId>20221019000800870023945</InstrId></Refs><Amt Ccy="CHF">57823.33</Amt><CdtDbtInd>DBIT</CdtDbtInd><AmtDtls><InstdAmt><Amt Ccy="USD">57115.10</Amt><CcyXchg><SrcCcy>USD</SrcCcy><XchgRate>1.0124</XchgRate></CcyXchg></InstdAmt></AmtDtls><BkTxCd><Domn><Cd>PMNT</Cd><Fmly><Cd>ICDT</Cd><SubFmlyCd>XBCT</SubFmlyCd></Fmly></Domn></BkTxCd><RltdPties><Cdtr><Nm>Shengzhou Shenghua Machinery Technology Co., Ltd.</Nm><PstlAdr><StrtNm>Shenton Way, #45-01, AXA Tower</StrtNm><BldgNb>8</BldgNb><PstCd>068811</PstCd><TwnNm>Singapore</TwnNm><Ctry>SG</Ctry></PstlAdr></Cdtr><CdtrAcct><Id><Othr><Id>10141732677819</Id></Othr></Id></CdtrAcct></RltdPties><RltdAgts><CdtrAgt><FinInstnId><BICFI>CHASSGSGXXX</BICFI><Nm>JPMORGAN CHASE BANK, N.A.</Nm><PstlAdr><Ctry>SG</Ctry><AdrLine>88 MARKET STREETFLOOR 30, CAPITASPR 048948 SINGAPORE</AdrLine></PstlAdr></FinInstnId></CdtrAgt></RltdAgts><RmtInf><Ustrd>146354714501022575</Ustrd><Strd><AddtlRmtInf>2/2 Down Payment Stehtische</AddtlRmtInf></Strd></RmtInf></TxDtls></NtryDtls><AddtlNtryInf>GIRO INTERNATIONAL USD 57'115.10 ZUM KURS VON 1.0124 JPMORGAN CHASE BANK, N.A. 88 MARKET STREETFLOOR 30, CAPITASPR 048948 SINGAPORE 10141732677819 SHENGZHOU SHENGHUA MACHINERY TECHNO LOGY CO., LTD. SHENTON WAY, #45-01, AXA TOWER 8 068811 SINGAPORE SENDER REFERENZ: 2/2 DOWN PAYMENT STEHTISCHE 20221019000800870023945</AddtlNtryInf></Ntry><Ntry><NtryRef>CH9209000000414939852</NtryRef><Amt Ccy="CHF">986.88</Amt><CdtDbtInd>CRDT</CdtDbtInd><RvslInd>false</RvslInd><Sts>BOOK</Sts><BookgDt><Dt>2022-10-20</Dt></BookgDt><ValDt><Dt>2022-10-20</Dt></ValDt><AcctSvcrRef>293220109CUMZIFK</AcctSvcrRef><BkTxCd><Domn><Cd>PMNT</Cd><Fmly><Cd>RCDT</Cd><SubFmlyCd>ATXN</SubFmlyCd></Fmly></Domn></BkTxCd><NtryDtls><Btch><NbOfTxs>1</NbOfTxs></Btch><TxDtls><Refs><AcctSvcrRef>221020CH09CUMZIF</AcctSvcrRef><InstrId>LON03255657232</InstrId><EndToEndId>NOTPROVIDED</EndToEndId><Prtry><Tp>00</Tp><Ref>221020CH09CUMZIF</Ref></Prtry></Refs><Amt Ccy="CHF">986.88</Amt><CdtDbtInd>CRDT</CdtDbtInd><BkTxCd><Domn><Cd>PMNT</Cd><Fmly><Cd>RCDT</Cd><SubFmlyCd>ATXN</SubFmlyCd></Fmly></Domn></BkTxCd><RltdPties><Dbtr><Nm>STRIPE PAYMENTS UK LTD</Nm><PstlAdr><AdrLine>9TH FLOOR, 107 CHEAPSIDE GB - LONDO</AdrLine><AdrLine>N EC2V 6DN</AdrLine></PstlAdr></Dbtr><DbtrAcct><Id><IBAN>DK6289000000010375</IBAN></Id></DbtrAcct><CdtrAcct><Id><IBAN>CH9209000000414939852</IBAN></Id></CdtrAcct></RltdPties><RltdAgts><DbtrAgt><FinInstnId><BICFI>CITIGB2LXXX</BICFI><Nm>CITIBANK N.A.</Nm><PstlAdr><AdrLine>CITIBANK CENTRE25 CANADA SQUARE</AdrLine><AdrLine>E14 5LB LONDON</AdrLine></PstlAdr></FinInstnId></DbtrAgt></RltdAgts><RmtInf><Ustrd>STRIPE G3L7A8</Ustrd><Strd><AddtlRmtInf>?REJECT?0</AddtlRmtInf><AddtlRmtInf>?ERROR?000</AddtlRmtInf></Strd></RmtInf><RltdDts><AccptncDtTm>2022-10-20T20:00:00</AccptncDtTm></RltdDts></TxDtls></NtryDtls><AddtlNtryInf>GUTSCHRIFT AUFTRAGGEBER: STRIPE PAYMENTS UK LTD 9TH FLOOR, 107 CHEAPSIDE GB - LONDO N EC2V 6DN MITTEILUNGEN: STRIPE G3L7A8 SPESENBETRAG 0.00 CHF SHA REFERENZEN: NOTPROVIDED LON03255657232 221020CH09CUMZIF</AddtlNtryInf></Ntry><Ntry><NtryRef>CH9209000000414939852</NtryRef><Amt Ccy="CHF">3468.75</Amt><CdtDbtInd>CRDT</CdtDbtInd><RvslInd>false</RvslInd><Sts>BOOK</Sts><BookgDt><Dt>2022-10-20</Dt></BookgDt><ValDt><Dt>2022-10-20</Dt></ValDt><AcctSvcrRef>293220009CT23PUK</AcctSvcrRef><BkTxCd><Domn><Cd>PMNT</Cd><Fmly><Cd>RCDT</Cd><SubFmlyCd>AUTT</SubFmlyCd></Fmly></Domn></BkTxCd><NtryDtls><Btch><NbOfTxs>1</NbOfTxs></Btch><TxDtls><Refs><MsgId>TWINT20221018-102-Merchant</MsgId><AcctSvcrRef>221019CH09CT23PU</AcctSvcrRef><PmtInfId>TWINT20221018-102-Merchant-B1</PmtInfId><InstrId>8f8d15c1517e4292ae02894446f9f3d0</InstrId><EndToEndId>TWINT20221018-102-Merchant-B1</EndToEndId><Prtry><Tp>00</Tp><Ref>221019CH09CT23PU</Ref></Prtry></Refs><Amt Ccy="CHF">3468.75</Amt><CdtDbtInd>CRDT</CdtDbtInd><BkTxCd><Domn><Cd>PMNT</Cd><Fmly><Cd>RCDT</Cd><SubFmlyCd>AUTT</SubFmlyCd></Fmly></Domn></BkTxCd><RltdPties><Dbtr><Nm>TWINT Acquiring AG</Nm><PstlAdr><StrtNm>Stauffacherstrasse</StrtNm><BldgNb>41</BldgNb><PstCd>8004</PstCd><TwnNm>Zürich</TwnNm><Ctry>CH</Ctry></PstlAdr></Dbtr><DbtrAcct><Id><IBAN>CH6609000000313087410</IBAN></Id></DbtrAcct><CdtrAcct><Id><IBAN>CH9209000000414939852</IBAN></Id></CdtrAcct></RltdPties><RltdAgts><DbtrAgt><FinInstnId><BICFI>POFICHBEXXX</BICFI><Nm>POSTFINANCE AG</Nm><PstlAdr><AdrLine>MINGERSTRASSE 20</AdrLine><AdrLine>3030 BERN</AdrLine></PstlAdr></FinInstnId></DbtrAgt></RltdAgts><RmtInf><Ustrd>999999 TWINT TWINT Auszahlungen Pay</Ustrd><Ustrd>out 20221019                       </Ustrd><Ustrd>   Gross: 3514.45 Fees: -45.70</Ustrd><Strd><AddtlRmtInf>?REJECT?0</AddtlRmtInf><AddtlRmtInf>?ERROR?000</AddtlRmtInf></Strd></RmtInf><RltdDts><AccptncDtTm>2022-10-20T20:00:00</AccptncDtTm></RltdDts></TxDtls></NtryDtls><AddtlNtryInf>GUTSCHRIFT CH6609000000313087410 ABSENDER: TWINT ACQUIRING AG STAUFFACHERSTRASSE 41 8004 ZÜRICH MITTEILUNGEN: 999999 TWINT TWINT AUSZAHLUNGEN PAY OUT 20221019                           GROSS: 3514.45 FEES: -45.70 REFERENZEN: TWINT20221018-102-MERCHANT-B1</AddtlNtryInf></Ntry><Ntry><NtryRef>CH9209000000414939852</NtryRef><Amt Ccy="CHF">79.90</Amt><CdtDbtInd>CRDT</CdtDbtInd><RvslInd>false</RvslInd><Sts>BOOK</Sts><BookgDt><Dt>2022-10-20</Dt></BookgDt><ValDt><Dt>2022-10-20</Dt></ValDt><AcctSvcrRef>293220109CWDEIYK</AcctSvcrRef><BkTxCd><Domn><Cd>PMNT</Cd><Fmly><Cd>RCDT</Cd><SubFmlyCd>ATXN</SubFmlyCd></Fmly></Domn></BkTxCd><NtryDtls><Btch><NbOfTxs>1</NbOfTxs></Btch><TxDtls><Refs><AcctSvcrRef>221020CH09CWDEIY</AcctSvcrRef><InstrId>16980769517/6XXX</InstrId><EndToEndId>NOTPROVIDED</EndToEndId><Prtry><Tp>00</Tp><Ref>221020CH09CWDEIY</Ref></Prtry></Refs><Amt Ccy="CHF">79.90</Amt><CdtDbtInd>CRDT</CdtDbtInd><BkTxCd><Domn><Cd>PMNT</Cd><Fmly><Cd>RCDT</Cd><SubFmlyCd>ATXN</SubFmlyCd></Fmly></Domn></BkTxCd><RltdPties><Dbtr><Nm>Marco und/oder Nathalie Piscitelli</Nm><PstlAdr><AdrLine>Obere Fischbachstrasse 12</AdrLine><AdrLine>8932 Mettmenstetten</AdrLine></PstlAdr></Dbtr><DbtrAcct><Id><IBAN>CH0980808001567735185</IBAN></Id></DbtrAcct><CdtrAcct><Id><IBAN>CH9209000000414939852</IBAN></Id></CdtrAcct></RltdPties><RltdAgts><DbtrAgt><FinInstnId><ClrSysMmbId><MmbId>81455</MmbId></ClrSysMmbId><Nm>Raiffeisenbank Cham-Steinhausen</Nm><PstlAdr><AdrLine>Sinserstrasse 1</AdrLine><AdrLine>6330 Cham</AdrLine></PstlAdr></FinInstnId></DbtrAgt></RltdAgts><RmtInf><Ustrd>RG 93954 Zahnschiene</Ustrd><Strd><AddtlRmtInf>?REJECT?0</AddtlRmtInf><AddtlRmtInf>?ERROR?000</AddtlRmtInf></Strd></RmtInf><RltdDts><AccptncDtTm>2022-10-20T20:00:00</AccptncDtTm></RltdDts></TxDtls></NtryDtls><AddtlNtryInf>GUTSCHRIFT AUFTRAGGEBER: MARCO UND/ODER NATHALIE PISCITELLI OBERE FISCHBACHSTRASSE 12 8932 METTMENSTETTEN MITTEILUNGEN: RG 93954 ZAHNSCHIENE REFERENZEN: NOTPROVIDED 16980769517/6XXX 221020CH09CWDEIY</AddtlNtryInf></Ntry><Ntry><NtryRef>CH4330000001414939852</NtryRef><Amt Ccy="CHF">5456.62</Amt><CdtDbtInd>CRDT</CdtDbtInd><RvslInd>false</RvslInd><Sts>BOOK</Sts><BookgDt><Dt>2022-10-20</Dt></BookgDt><ValDt><Dt>2022-10-20</Dt></ValDt><AcctSvcrRef>293220009CY979NU</AcctSvcrRef><BkTxCd><Domn><Cd>PMNT</Cd><Fmly><Cd>RCDT</Cd><SubFmlyCd>VCOM</SubFmlyCd></Fmly></Domn></BkTxCd><Chrgs><TtlChrgsAndTaxAmt Ccy="CHF">1.60</TtlChrgsAndTaxAmt><Rcrd><Amt Ccy="CHF">1.60</Amt><CdtDbtInd>DBIT</CdtDbtInd><ChrgInclInd>false</ChrgInclInd><Tp><Prtry><Id>2</Id></Prtry></Tp></Rcrd></Chrgs><NtryDtls><TxDtls><Refs><AcctSvcrRef>293220009CY979NU</AcctSvcrRef></Refs><Amt Ccy="CHF">5456.62</Amt><CdtDbtInd>CRDT</CdtDbtInd></TxDtls></NtryDtls><AddtlNtryInf>SAMMELGUTSCHRIFT FÜR KONTO: CH4330000001414939852 VERARBEITUNG VOM 20.10.2022 PAKET ID: 221020CH000006U9</AddtlNtryInf></Ntry><Ntry><Amt Ccy="CHF">56.80</Amt><CdtDbtInd>CRDT</CdtDbtInd><RvslInd>false</RvslInd><Sts>BOOK</Sts><BookgDt><Dt>2022-10-20</Dt></BookgDt><ValDt><Dt>2022-10-20</Dt></ValDt><AcctSvcrRef>2932400280882621</AcctSvcrRef><BkTxCd><Domn><Cd>PMNT</Cd><Fmly><Cd>MCRD</Cd><SubFmlyCd>POSP</SubFmlyCd></Fmly></Domn></BkTxCd><NtryDtls><TxDtls><Refs><AcctSvcrRef>2932400280882621</AcctSvcrRef></Refs><Amt Ccy="CHF">56.80</Amt><CdtDbtInd>CRDT</CdtDbtInd></TxDtls></NtryDtls><AddtlNtryInf>GUTSCHRIFT E-PAYMENT-TRANSAKTIONEN POSTFINANCE CARD EINLIEFERUNG VOM 19.10.2022 EVERSMART PRODUCTS HANDELS GMBH PFAQ08RZ0000001 WWW.HAPPYSMELL.CH</AddtlNtryInf></Ntry></Stmt></BkToCstmrStmt></Document>
