<?xml version="1.0" encoding="UTF-8"?>
<Document xmlns="urn:iso:std:iso:20022:tech:xsd:camt.053.001.04" xmlns:xsi="http://www.w3.org/2001/XMLSchema-instance" xsi:schemaLocation="urn:iso:std:iso:20022:tech:xsd:camt.053.001.04 camt.053.001.04.xsd"><BkToCstmrStmt><GrpHdr><MsgId>20220728375204891443234</MsgId><CreDtTm>2022-07-29T01:52:35</CreDtTm><MsgPgntn><PgNb>1</PgNb><LastPgInd>true</LastPgInd></MsgPgntn><AddtlInf>SPS/1.7/PROD</AddtlInf></GrpHdr><Stmt><Id>20220728375204891443248</Id><ElctrncSeqNb>146</ElctrncSeqNb><CreDtTm>2022-07-29T01:52:35</CreDtTm><FrToDt><FrDtTm>2022-07-28T00:00:00</FrDtTm><ToDtTm>2022-07-28T23:59:59</ToDtTm></FrToDt><Acct><Id><IBAN>CH9209000000414939852</IBAN></Id><Ownr><Nm>eversmart products Handels GmbH Pfäffikon SZ</Nm></Ownr></Acct><Bal><Tp><CdOrPrtry><Cd>OPBD</Cd></CdOrPrtry></Tp><Amt Ccy="CHF">126538.18</Amt><CdtDbtInd>CRDT</CdtDbtInd><Dt><Dt>2022-07-28</Dt></Dt></Bal><Bal><Tp><CdOrPrtry><Cd>CLBD</Cd></CdOrPrtry></Tp><Amt Ccy="CHF">137484.17</Amt><CdtDbtInd>CRDT</CdtDbtInd><Dt><Dt>2022-07-28</Dt></Dt></Bal><Bal><Tp><CdOrPrtry><Cd>CLAV</Cd></CdOrPrtry></Tp><Amt Ccy="CHF">137419.23</Amt><CdtDbtInd>CRDT</CdtDbtInd><Dt><Dt>2022-07-28</Dt></Dt></Bal><Bal><Tp><CdOrPrtry><Cd>FWAV</Cd></CdOrPrtry></Tp><Amt Ccy="CHF">137484.17</Amt><CdtDbtInd>CRDT</CdtDbtInd><Dt><Dt>2022-07-29</Dt></Dt></Bal><Ntry><Amt Ccy="CHF">1.00</Amt><CdtDbtInd>CRDT</CdtDbtInd><RvslInd>false</RvslInd><Sts>BOOK</Sts><BookgDt><Dt>2022-07-28</Dt></BookgDt><ValDt><Dt>2022-07-28</Dt></ValDt><AcctSvcrRef>209220109065E21K</AcctSvcrRef><BkTxCd><Domn><Cd>PMNT</Cd><Fmly><Cd>RCDT</Cd><SubFmlyCd>ATXN</SubFmlyCd></Fmly></Domn></BkTxCd><NtryDtls><Btch><NbOfTxs>1</NbOfTxs></Btch><TxDtls><Refs><AcctSvcrRef>220728CH09065E21</AcctSvcrRef><InstrId>DNV1220727C62618</InstrId><EndToEndId>SP-80922386-0</EndToEndId><Prtry><Tp>00</Tp><Ref>220728CH09065E21</Ref></Prtry></Refs><Amt Ccy="CHF">1.00</Amt><CdtDbtInd>CRDT</CdtDbtInd><BkTxCd><Domn><Cd>PMNT</Cd><Fmly><Cd>RCDT</Cd><SubFmlyCd>ATXN</SubFmlyCd></Fmly></Domn></BkTxCd><RltdPties><Dbtr><Nm>Zum web by  Ait Moussa EF</Nm><PstlAdr><StrtNm>Morgenstrasse</StrtNm><BldgNb>129</BldgNb><PstCd>3018</PstCd><TwnNm>Bern</TwnNm><Ctry>CH</Ctry></PstlAdr></Dbtr><DbtrAcct><Id><IBAN>CH4104835345470081000</IBAN></Id></DbtrAcct><UltmtDbtr><Nm>Natanael Kurz</Nm><PstlAdr><AdrLine>Tiergarten 9 9</AdrLine><AdrLine>3400 Burgdorf</AdrLine></PstlAdr></UltmtDbtr><CdtrAcct><Id><IBAN>CH9209000000414939852</IBAN></Id></CdtrAcct></RltdPties><RltdAgts><DbtrAgt><FinInstnId><ClrSysMmbId><MmbId>4835</MmbId></ClrSysMmbId><Nm>Credit Suisse (Schweiz) AG</Nm><PstlAdr><AdrLine>Paradeplatz 8</AdrLine><AdrLine>8070 Zürich</AdrLine></PstlAdr></FinInstnId></DbtrAgt></RltdAgts><RmtInf><Strd><AddtlRmtInf>?REJECT?0</AddtlRmtInf><AddtlRmtInf>?ERROR?000</AddtlRmtInf></Strd></RmtInf><RltdDts><AccptncDtTm>2022-07-28T20:00:00</AccptncDtTm></RltdDts></TxDtls></NtryDtls><AddtlNtryInf>GUTSCHRIFT AUFTRAGGEBER: Zum web by  Ait Moussa EF Morgenstrasse 129 3018 Bern Natanael Kurz Tiergarten 9 9 3400 Burgdorf SPESENBETRAG 0.00 CHF SHA REFERENZEN: SP-80922386-0 DNV1220727C62618 220728CH09065E21</AddtlNtryInf></Ntry><Ntry><Amt Ccy="CHF">1538.00</Amt><CdtDbtInd>CRDT</CdtDbtInd><RvslInd>false</RvslInd><Sts>BOOK</Sts><BookgDt><Dt>2022-07-28</Dt></BookgDt><ValDt><Dt>2022-07-28</Dt></ValDt><AcctSvcrRef>20922010906CU66K</AcctSvcrRef><BkTxCd><Domn><Cd>PMNT</Cd><Fmly><Cd>RCDT</Cd><SubFmlyCd>ATXN</SubFmlyCd></Fmly></Domn></BkTxCd><NtryDtls><Btch><NbOfTxs>1</NbOfTxs></Btch><TxDtls><Refs><AcctSvcrRef>220728CH0906CU66</AcctSvcrRef><InstrId>20727658831.0446</InstrId><EndToEndId>F110000448</EndToEndId><Prtry><Tp>00</Tp><Ref>220728CH0906CU66</Ref></Prtry></Refs><Amt Ccy="CHF">1538.00</Amt><CdtDbtInd>CRDT</CdtDbtInd><BkTxCd><Domn><Cd>PMNT</Cd><Fmly><Cd>RCDT</Cd><SubFmlyCd>ATXN</SubFmlyCd></Fmly></Domn></BkTxCd><RltdPties><Dbtr><Nm>Flury Stiftung</Nm><PstlAdr><AdrLine>Finanzen</AdrLine><AdrLine>Tersierstrasse</AdrLine></PstlAdr></Dbtr><DbtrAcct><Id><IBAN>CH2100774110120946900</IBAN></Id></DbtrAcct><CdtrAcct><Id><IBAN>CH9209000000414939852</IBAN></Id></CdtrAcct></RltdPties><RltdAgts><DbtrAgt><FinInstnId><ClrSysMmbId><MmbId>774</MmbId></ClrSysMmbId><Nm>Graubündner Kantonalbank</Nm><PstlAdr><AdrLine>7001 Chur</AdrLine></PstlAdr></FinInstnId></DbtrAgt></RltdAgts><RmtInf><Ustrd>/INV/RE-89285 1.7.2022</Ustrd><Strd><AddtlRmtInf>?REJECT?0</AddtlRmtInf><AddtlRmtInf>?ERROR?000</AddtlRmtInf></Strd></RmtInf><RltdDts><AccptncDtTm>2022-07-28T20:00:00</AccptncDtTm></RltdDts></TxDtls></NtryDtls><AddtlNtryInf>GUTSCHRIFT AUFTRAGGEBER: Flury Stiftung Finanzen                            Tersierstrasse MITTEILUNGEN: /INV/RE-89285 1.7.2022 REFERENZEN: F110000448 20727658831.0446 220728CH0906CU66</AddtlNtryInf></Ntry><Ntry><Amt Ccy="CHF">196.60</Amt><CdtDbtInd>CRDT</CdtDbtInd><RvslInd>false</RvslInd><Sts>BOOK</Sts><BookgDt><Dt>2022-07-28</Dt></BookgDt><ValDt><Dt>2022-07-28</Dt></ValDt><AcctSvcrRef>20922010909HKDLK</AcctSvcrRef><BkTxCd><Domn><Cd>PMNT</Cd><Fmly><Cd>RCDT</Cd><SubFmlyCd>ATXN</SubFmlyCd></Fmly></Domn></BkTxCd><NtryDtls><Btch><NbOfTxs>1</NbOfTxs></Btch><TxDtls><Refs><AcctSvcrRef>220728CH0909HKDL</AcctSvcrRef><InstrId>LON03239239711</InstrId><EndToEndId>NOTPROVIDED</EndToEndId><Prtry><Tp>00</Tp><Ref>220728CH0909HKDL</Ref></Prtry></Refs><Amt Ccy="CHF">196.60</Amt><CdtDbtInd>CRDT</CdtDbtInd><BkTxCd><Domn><Cd>PMNT</Cd><Fmly><Cd>RCDT</Cd><SubFmlyCd>ATXN</SubFmlyCd></Fmly></Domn></BkTxCd><RltdPties><Dbtr><Nm>STRIPE PAYMENTS UK LTD</Nm><PstlAdr><AdrLine>9TH FLOOR, 107 CHEAPSIDE GB - LONDO</AdrLine><AdrLine>N EC2V 6DN</AdrLine></PstlAdr></Dbtr><DbtrAcct><Id><IBAN>DK6289000000010375</IBAN></Id></DbtrAcct><CdtrAcct><Id><IBAN>CH9209000000414939852</IBAN></Id></CdtrAcct></RltdPties><RltdAgts><DbtrAgt><FinInstnId><BICFI>CITIGB2LXXX</BICFI><Nm>CITIBANK N.A.</Nm><PstlAdr><AdrLine>CITIBANK CENTRE25 CANADA SQUARE</AdrLine><AdrLine>E14 5LB LONDON</AdrLine></PstlAdr></FinInstnId></DbtrAgt></RltdAgts><RmtInf><Ustrd>STRIPE Z1E4E2</Ustrd><Strd><AddtlRmtInf>?REJECT?0</AddtlRmtInf><AddtlRmtInf>?ERROR?000</AddtlRmtInf></Strd></RmtInf><RltdDts><AccptncDtTm>2022-07-28T20:00:00</AccptncDtTm></RltdDts></TxDtls></NtryDtls><AddtlNtryInf>GUTSCHRIFT AUFTRAGGEBER: STRIPE PAYMENTS UK LTD 9TH FLOOR, 107 CHEAPSIDE GB - LONDO N EC2V 6DN MITTEILUNGEN: STRIPE Z1E4E2 SPESENBETRAG 0.00 CHF SHA REFERENZEN: NOTPROVIDED LON03239239711 220728CH0909HKDL</AddtlNtryInf></Ntry><Ntry><Amt Ccy="CHF">99.90</Amt><CdtDbtInd>CRDT</CdtDbtInd><RvslInd>false</RvslInd><Sts>BOOK</Sts><BookgDt><Dt>2022-07-28</Dt></BookgDt><ValDt><Dt>2022-07-28</Dt></ValDt><AcctSvcrRef>20922010909V4Z2K</AcctSvcrRef><BkTxCd><Domn><Cd>PMNT</Cd><Fmly><Cd>RCDT</Cd><SubFmlyCd>ATXN</SubFmlyCd></Fmly></Domn></BkTxCd><NtryDtls><Btch><NbOfTxs>1</NbOfTxs></Btch><TxDtls><Refs><AcctSvcrRef>220728CH0909V4Z2</AcctSvcrRef><InstrId>9960209TI9416382</InstrId><EndToEndId>NOTPROVIDED</EndToEndId><Prtry><Tp>00</Tp><Ref>220728CH0909V4Z2</Ref></Prtry></Refs><Amt Ccy="CHF">99.90</Amt><CdtDbtInd>CRDT</CdtDbtInd><BkTxCd><Domn><Cd>PMNT</Cd><Fmly><Cd>RCDT</Cd><SubFmlyCd>ATXN</SubFmlyCd></Fmly></Domn></BkTxCd><RltdPties><Dbtr><Nm>JOHN JUTZET</Nm><PstlAdr><AdrLine>IMPASSE DES BOULEAUX 4 CH 1786 SUGI</AdrLine><AdrLine>EZ</AdrLine></PstlAdr></Dbtr><DbtrAcct><Id><IBAN>CH150026026036966740B</IBAN></Id></DbtrAcct><CdtrAcct><Id><IBAN>CH9209000000414939852</IBAN></Id></CdtrAcct></RltdPties><RltdAgts><DbtrAgt><FinInstnId><ClrSysMmbId><MmbId>260</MmbId></ClrSysMmbId><Nm>UBS Switzerland AG</Nm><PstlAdr><AdrLine>Rue Saint-Pierre 1</AdrLine><AdrLine>1701 Fribourg</AdrLine></PstlAdr></FinInstnId></DbtrAgt></RltdAgts><RmtInf><Ustrd>RE-90445 </Ustrd><Strd><AddtlRmtInf>?REJECT?0</AddtlRmtInf><AddtlRmtInf>?ERROR?000</AddtlRmtInf></Strd></RmtInf><RltdDts><AccptncDtTm>2022-07-28T20:00:00</AccptncDtTm></RltdDts></TxDtls></NtryDtls><AddtlNtryInf>GUTSCHRIFT AUFTRAGGEBER: JOHN JUTZET IMPASSE DES BOULEAUX 4 CH 1786 SUGI EZ MITTEILUNGEN: RE-90445  SPESENBETRAG 0.00 CHF SHA REFERENZEN: NOTPROVIDED 9960209TI9416382 220728CH0909V4Z2</AddtlNtryInf></Ntry><Ntry><Amt Ccy="CHF">1078.47</Amt><CdtDbtInd>CRDT</CdtDbtInd><RvslInd>false</RvslInd><Sts>BOOK</Sts><BookgDt><Dt>2022-07-28</Dt></BookgDt><ValDt><Dt>2022-07-28</Dt></ValDt><AcctSvcrRef>209220008ZZB15FK</AcctSvcrRef><BkTxCd><Domn><Cd>PMNT</Cd><Fmly><Cd>RCDT</Cd><SubFmlyCd>AUTT</SubFmlyCd></Fmly></Domn></BkTxCd><NtryDtls><Btch><NbOfTxs>1</NbOfTxs></Btch><TxDtls><Refs><MsgId>TWINT20220726-101-Merchant</MsgId><AcctSvcrRef>220727CH08ZZB15F</AcctSvcrRef><PmtInfId>TWINT20220726-101-Merchant-B1</PmtInfId><InstrId>d2f2aa432b4c4332845ca0bac0438f0e</InstrId><EndToEndId>TWINT20220726-101-Merchant-B1</EndToEndId><Prtry><Tp>00</Tp><Ref>220727CH08ZZB15F</Ref></Prtry></Refs><Amt Ccy="CHF">1078.47</Amt><CdtDbtInd>CRDT</CdtDbtInd><BkTxCd><Domn><Cd>PMNT</Cd><Fmly><Cd>RCDT</Cd><SubFmlyCd>AUTT</SubFmlyCd></Fmly></Domn></BkTxCd><RltdPties><Dbtr><Nm>TWINT Acquiring AG</Nm><PstlAdr><StrtNm>Stauffacherstrasse</StrtNm><BldgNb>41</BldgNb><PstCd>8004</PstCd><TwnNm>Zürich</TwnNm><Ctry>CH</Ctry></PstlAdr></Dbtr><DbtrAcct><Id><IBAN>CH6609000000313087410</IBAN></Id></DbtrAcct><CdtrAcct><Id><IBAN>CH9209000000414939852</IBAN></Id></CdtrAcct></RltdPties><RltdAgts><DbtrAgt><FinInstnId><BICFI>POFICHBEXXX</BICFI><Nm>POSTFINANCE AG</Nm><PstlAdr><AdrLine>MINGERSTRASSE , 20</AdrLine><AdrLine>3030 BERN</AdrLine></PstlAdr></FinInstnId></DbtrAgt></RltdAgts><RmtInf><Ustrd>999999 TWINT TWINT Auszahlungen Pay</Ustrd><Ustrd>out 20220727                       </Ustrd><Ustrd>   Gross: 1092.70 Fees: -14.23</Ustrd><Strd><AddtlRmtInf>?REJECT?0</AddtlRmtInf><AddtlRmtInf>?ERROR?000</AddtlRmtInf></Strd></RmtInf><RltdDts><AccptncDtTm>2022-07-28T20:00:00</AccptncDtTm></RltdDts></TxDtls></NtryDtls><AddtlNtryInf>GUTSCHRIFT CH6609000000313087410 ABSENDER: TWINT Acquiring AG Stauffacherstrasse 41 8004 Zürich MITTEILUNGEN: 999999 TWINT TWINT Auszahlungen Pay out 20220727                           Gross: 1092.70 Fees: -14.23 REFERENZEN: TWINT20220726-101-Merchant-B1</AddtlNtryInf></Ntry><Ntry><Amt Ccy="CHF">825.38</Amt><CdtDbtInd>CRDT</CdtDbtInd><RvslInd>false</RvslInd><Sts>BOOK</Sts><BookgDt><Dt>2022-07-28</Dt></BookgDt><ValDt><Dt>2022-07-28</Dt></ValDt><AcctSvcrRef>2092200090BXNS1K</AcctSvcrRef><BkTxCd><Domn><Cd>PMNT</Cd><Fmly><Cd>RCDT</Cd><SubFmlyCd>ATXN</SubFmlyCd></Fmly></Domn></BkTxCd><NtryDtls><Btch><NbOfTxs>1</NbOfTxs></Btch><TxDtls><Refs><AcctSvcrRef>220728CH090BXNS1</AcctSvcrRef><InstrId>CB20220728B1HC222209739390530000001</InstrId><EndToEndId>MOB.209.UE.30353</EndToEndId><Prtry><Tp>00</Tp><Ref>220728CH090BXNS1</Ref></Prtry></Refs><Amt Ccy="CHF">825.38</Amt><CdtDbtInd>CRDT</CdtDbtInd><AmtDtls><TxAmt><Amt Ccy="EUR">857.00</Amt><CcyXchg><SrcCcy>EUR</SrcCcy><TrgtCcy>CHF</TrgtCcy><XchgRate>0.9631</XchgRate></CcyXchg></TxAmt></AmtDtls><BkTxCd><Domn><Cd>PMNT</Cd><Fmly><Cd>RCDT</Cd><SubFmlyCd>ATXN</SubFmlyCd></Fmly></Domn></BkTxCd><RltdPties><Dbtr><Nm>Jana Buechler</Nm><PstlAdr><AdrLine>Kaspar-Stueblin-Weg 12</AdrLine><AdrLine>88279 Amtzell</AdrLine></PstlAdr></Dbtr><DbtrAcct><Id><IBAN>DE53650400730198999500</IBAN></Id></DbtrAcct><CdtrAcct><Id><IBAN>CH9209000000414939852</IBAN></Id></CdtrAcct></RltdPties><RltdAgts><DbtrAgt><FinInstnId><BICFI>COBADEFFXXX</BICFI><Nm>COMMERZBANK AG</Nm><PstlAdr><AdrLine>KAISERSTRASSE 16</AdrLine><AdrLine>60261 FRANKFURT AM MAIN</AdrLine></PstlAdr></FinInstnId></DbtrAgt></RltdAgts><RmtInf><Ustrd>AU-89609 Buchler</Ustrd><Strd><AddtlRmtInf>?REJECT?0</AddtlRmtInf><AddtlRmtInf>?ERROR?000</AddtlRmtInf></Strd></RmtInf><RltdDts><AccptncDtTm>2022-07-28T20:00:00</AccptncDtTm></RltdDts></TxDtls></NtryDtls><AddtlNtryInf>GUTSCHRIFT SEPA TRANSAKTION EUR 857.00 ZUM KURS VON 0.9631 AUFTRAGGEBER: Jana Buechler Kaspar-Stueblin-Weg 12 88279 Amtzell MITTEILUNGEN: AU-89609 Buchler REFERENZEN: MOB.209.UE.30353 CB20220728B1HC222209739390530000001 220728CH090BXNS1</AddtlNtryInf></Ntry><Ntry><NtryRef>011062999</NtryRef><Amt Ccy="CHF">64.94</Amt><CdtDbtInd>CRDT</CdtDbtInd><RvslInd>false</RvslInd><Sts>BOOK</Sts><BookgDt><Dt>2022-07-28</Dt></BookgDt><ValDt><Dt>2022-07-29</Dt></ValDt><AcctSvcrRef>2092200090ED762U</AcctSvcrRef><BkTxCd><Domn><Cd>PMNT</Cd><Fmly><Cd>RCDT</Cd><SubFmlyCd>VCOM</SubFmlyCd></Fmly></Domn></BkTxCd><NtryDtls><TxDtls><Refs><AcctSvcrRef>2092200090ED762U</AcctSvcrRef></Refs><Amt Ccy="CHF">64.94</Amt><CdtDbtInd>CRDT</CdtDbtInd></TxDtls></NtryDtls><AddtlNtryInf>SAMMELGUTSCHRIFT ESR VERARBEITUNG VOM 28.07.2022 KUNDENNUMMER 01-106299-9 PAKET ID: 220728CH00000KJF</AddtlNtryInf></Ntry><Ntry><NtryRef>CH9530000002414939852</NtryRef><Amt Ccy="CHF">60.90</Amt><CdtDbtInd>CRDT</CdtDbtInd><RvslInd>false</RvslInd><Sts>BOOK</Sts><BookgDt><Dt>2022-07-28</Dt></BookgDt><ValDt><Dt>2022-07-28</Dt></ValDt><AcctSvcrRef>2092200090EC0A2U</AcctSvcrRef><BkTxCd><Domn><Cd>PMNT</Cd><Fmly><Cd>RCDT</Cd><SubFmlyCd>VCOM</SubFmlyCd></Fmly></Domn></BkTxCd><NtryDtls><TxDtls><Refs><AcctSvcrRef>2092200090EC0A2U</AcctSvcrRef></Refs><Amt Ccy="CHF">60.90</Amt><CdtDbtInd>CRDT</CdtDbtInd></TxDtls></NtryDtls><AddtlNtryInf>SAMMELGUTSCHRIFT FÜR KONTO: CH9530000002414939852 VERARBEITUNG VOM 28.07.2022 PAKET ID: 220728CH00000E5N</AddtlNtryInf></Ntry><Ntry><NtryRef>CH4330000001414939852</NtryRef><Amt Ccy="CHF">7010.90</Amt><CdtDbtInd>CRDT</CdtDbtInd><RvslInd>false</RvslInd><Sts>BOOK</Sts><BookgDt><Dt>2022-07-28</Dt></BookgDt><ValDt><Dt>2022-07-28</Dt></ValDt><AcctSvcrRef>2092200090EC28ZU</AcctSvcrRef><BkTxCd><Domn><Cd>PMNT</Cd><Fmly><Cd>RCDT</Cd><SubFmlyCd>VCOM</SubFmlyCd></Fmly></Domn></BkTxCd><Chrgs><TtlChrgsAndTaxAmt Ccy="CHF">3.95</TtlChrgsAndTaxAmt><Rcrd><Amt Ccy="CHF">3.95</Amt><CdtDbtInd>DBIT</CdtDbtInd><ChrgInclInd>false</ChrgInclInd><Tp><Prtry><Id>2</Id></Prtry></Tp></Rcrd></Chrgs><NtryDtls><TxDtls><Refs><AcctSvcrRef>2092200090EC28ZU</AcctSvcrRef></Refs><Amt Ccy="CHF">7010.90</Amt><CdtDbtInd>CRDT</CdtDbtInd></TxDtls></NtryDtls><AddtlNtryInf>SAMMELGUTSCHRIFT FÜR KONTO: CH4330000001414939852 VERARBEITUNG VOM 28.07.2022 PAKET ID: 220728CH000008H8</AddtlNtryInf></Ntry><Ntry><Amt Ccy="CHF">69.90</Amt><CdtDbtInd>CRDT</CdtDbtInd><RvslInd>false</RvslInd><Sts>BOOK</Sts><BookgDt><Dt>2022-07-28</Dt></BookgDt><ValDt><Dt>2022-07-28</Dt></ValDt><AcctSvcrRef>2092400146959412</AcctSvcrRef><BkTxCd><Domn><Cd>PMNT</Cd><Fmly><Cd>MCRD</Cd><SubFmlyCd>POSP</SubFmlyCd></Fmly></Domn></BkTxCd><NtryDtls><TxDtls><Refs><AcctSvcrRef>2092400146959412</AcctSvcrRef></Refs><Amt Ccy="CHF">69.90</Amt><CdtDbtInd>CRDT</CdtDbtInd></TxDtls></NtryDtls><AddtlNtryInf>GUTSCHRIFT E-PAYMENT-TRANSAKTIONEN POSTFINANCE CARD EINLIEFERUNG VOM 27.07.2022 eversmart products Handels GmbH PFAQ08TZ0000001 www.fiebercheck.ch</AddtlNtryInf></Ntry></Stmt></BkToCstmrStmt></Document>
