<?xml version="1.0" encoding="UTF-8"?>
<Document xmlns="urn:iso:std:iso:20022:tech:xsd:camt.053.001.04" xmlns:xsi="http://www.w3.org/2001/XMLSchema-instance" xsi:schemaLocation="urn:iso:std:iso:20022:tech:xsd:camt.053.001.04 camt.053.001.04.xsd"><BkToCstmrStmt><GrpHdr><MsgId>20221103375204968998215</MsgId><CreDtTm>2022-11-04T02:29:17</CreDtTm><MsgPgntn><PgNb>1</PgNb><LastPgInd>true</LastPgInd></MsgPgntn><AddtlInf>SPS/1.7/PROD</AddtlInf></GrpHdr><Stmt><Id>20221103375204968998246</Id><ElctrncSeqNb>216</ElctrncSeqNb><CreDtTm>2022-11-04T02:29:17</CreDtTm><FrToDt><FrDtTm>2022-11-03T00:00:00</FrDtTm><ToDtTm>2022-11-03T23:59:59</ToDtTm></FrToDt><Acct><Id><IBAN>CH9209000000414939852</IBAN></Id><Ownr><Nm>eversmart products Handels GmbH Pfäffikon SZ</Nm></Ownr></Acct><Bal><Tp><CdOrPrtry><Cd>OPBD</Cd></CdOrPrtry></Tp><Amt Ccy="CHF">55219.25</Amt><CdtDbtInd>CRDT</CdtDbtInd><Dt><Dt>2022-11-03</Dt></Dt></Bal><Bal><Tp><CdOrPrtry><Cd>CLBD</Cd></CdOrPrtry></Tp><Amt Ccy="CHF">1625.15</Amt><CdtDbtInd>CRDT</CdtDbtInd><Dt><Dt>2022-11-03</Dt></Dt></Bal><Bal><Tp><CdOrPrtry><Cd>CLAV</Cd></CdOrPrtry></Tp><Amt Ccy="CHF">1625.15</Amt><CdtDbtInd>CRDT</CdtDbtInd><Dt><Dt>2022-11-03</Dt></Dt></Bal><Ntry><Amt Ccy="CHF">486.85</Amt><CdtDbtInd>CRDT</CdtDbtInd><RvslInd>false</RvslInd><Sts>BOOK</Sts><BookgDt><Dt>2022-11-03</Dt></BookgDt><ValDt><Dt>2022-11-03</Dt></ValDt><AcctSvcrRef>3072199690525448</AcctSvcrRef><BkTxCd><Domn><Cd>PMNT</Cd><Fmly><Cd>RCDT</Cd><SubFmlyCd>BOOK</SubFmlyCd></Fmly></Domn></BkTxCd><NtryDtls><TxDtls><Refs><AcctSvcrRef>3072199690525448</AcctSvcrRef></Refs><Amt Ccy="CHF">486.85</Amt><CdtDbtInd>CRDT</CdtDbtInd></TxDtls></NtryDtls><AddtlNtryInf>KONTOÜBERTRAG VON CH1209000000917587047 500.00 EUR ZUM KURS VON 0.9737</AddtlNtryInf></Ntry><Ntry><Amt Ccy="CHF">36.68</Amt><CdtDbtInd>DBIT</CdtDbtInd><RvslInd>false</RvslInd><Sts>BOOK</Sts><BookgDt><Dt>2022-11-03</Dt></BookgDt><ValDt><Dt>2022-11-03</Dt></ValDt><AcctSvcrRef>307220009F2IWVSK</AcctSvcrRef><BkTxCd><Domn><Cd>PMNT</Cd><Fmly><Cd>ICDT</Cd><SubFmlyCd>DMCT</SubFmlyCd></Fmly></Domn></BkTxCd><NtryDtls><TxDtls><Refs><AcctSvcrRef>25-689787159-1</AcctSvcrRef><PmtInfId>25:689787159</PmtInfId><InstrId>20221102000800150606129</InstrId></Refs><Amt Ccy="CHF">36.68</Amt><CdtDbtInd>DBIT</CdtDbtInd><BkTxCd><Domn><Cd>PMNT</Cd><Fmly><Cd>ICDT</Cd><SubFmlyCd>DMCT</SubFmlyCd></Fmly></Domn></BkTxCd><RltdPties><Cdtr><Nm>DHL Express (Schweiz) AG</Nm><PstlAdr><Ctry>CH</Ctry></PstlAdr></Cdtr><CdtrAcct><Id><IBAN>CH6931000020332191000</IBAN></Id></CdtrAcct></RltdPties><RltdAgts><CdtrAgt><FinInstnId><BICFI>CRESCHZZ80A</BICFI><Nm>Credit Suisse (Schweiz) AG</Nm><PstlAdr><Ctry>CH</Ctry><AdrLine>Paradeplatz 8 8070 Zürich</AdrLine></PstlAdr></FinInstnId></CdtrAgt></RltdAgts><RmtInf><Strd><CdtrRefInf><Tp><CdOrPrtry><Prtry>QRR</Prtry></CdOrPrtry></Tp><Ref>000000000726475500000000001</Ref></CdtrRefInf><AddtlRmtInf>DHL Express</AddtlRmtInf></Strd></RmtInf></TxDtls></NtryDtls><AddtlNtryInf>LASTSCHRIFT CREDIT SUISSE (SCHWEIZ) AG PARADEPLATZ 8 8070 ZÜRICH CH6931000020332191000 DHL EXPRESS (SCHWEIZ) AG SENDER REFERENZ: DHL EXPRESS 20221102000800150606129</AddtlNtryInf></Ntry><Ntry><NtryRef>CH9209000000414939852</NtryRef><Amt Ccy="CHF">56.70</Amt><CdtDbtInd>CRDT</CdtDbtInd><RvslInd>false</RvslInd><Sts>BOOK</Sts><BookgDt><Dt>2022-11-03</Dt></BookgDt><ValDt><Dt>2022-11-03</Dt></ValDt><AcctSvcrRef>307220109F2YYJKK</AcctSvcrRef><BkTxCd><Domn><Cd>PMNT</Cd><Fmly><Cd>RCDT</Cd><SubFmlyCd>AUTT</SubFmlyCd></Fmly></Domn></BkTxCd><NtryDtls><Btch><NbOfTxs>1</NbOfTxs></Btch><TxDtls><Refs><AcctSvcrRef>221102CH09F2YYJK</AcctSvcrRef><InstrId>20221102000800162705752</InstrId><Prtry><Tp>00</Tp><Ref>221102CH09F2YYJK</Ref></Prtry></Refs><Amt Ccy="CHF">56.70</Amt><CdtDbtInd>CRDT</CdtDbtInd><BkTxCd><Domn><Cd>PMNT</Cd><Fmly><Cd>RCDT</Cd><SubFmlyCd>AUTT</SubFmlyCd></Fmly></Domn></BkTxCd><RltdPties><Dbtr><Nm>Vogt Susanne</Nm><PstlAdr><StrtNm>Redingstrasse</StrtNm><BldgNb>13</BldgNb><PstCd>4052</PstCd><TwnNm>Basel</TwnNm><Ctry>CH</Ctry></PstlAdr></Dbtr><DbtrAcct><Id><IBAN>CH1909000000402273936</IBAN></Id></DbtrAcct><CdtrAcct><Id><IBAN>CH9209000000414939852</IBAN></Id></CdtrAcct></RltdPties><RltdAgts><DbtrAgt><FinInstnId><BICFI>POFICHBEXXX</BICFI><Nm>POSTFINANCE AG</Nm><PstlAdr><AdrLine>MINGERSTRASSE 20</AdrLine><AdrLine>3030 BERN</AdrLine></PstlAdr></FinInstnId></DbtrAgt></RltdAgts><RmtInf><Ustrd>RE-95719</Ustrd><Strd><AddtlRmtInf>?REJECT?0</AddtlRmtInf><AddtlRmtInf>?ERROR?000</AddtlRmtInf></Strd></RmtInf><RltdDts><AccptncDtTm>2022-11-03T20:00:00</AccptncDtTm></RltdDts></TxDtls></NtryDtls><AddtlNtryInf>GUTSCHRIFT CH1909000000402273936 ABSENDER: VOGT SUSANNE REDINGSTRASSE 13 4052 BASEL MITTEILUNGEN: RE-95719</AddtlNtryInf></Ntry><Ntry><NtryRef>CH9209000000414939852</NtryRef><Amt Ccy="CHF">49.90</Amt><CdtDbtInd>CRDT</CdtDbtInd><RvslInd>false</RvslInd><Sts>BOOK</Sts><BookgDt><Dt>2022-11-03</Dt></BookgDt><ValDt><Dt>2022-11-03</Dt></ValDt><AcctSvcrRef>307220109F7UJPCK</AcctSvcrRef><BkTxCd><Domn><Cd>PMNT</Cd><Fmly><Cd>RCDT</Cd><SubFmlyCd>ATXN</SubFmlyCd></Fmly></Domn></BkTxCd><NtryDtls><Btch><NbOfTxs>1</NbOfTxs></Btch><TxDtls><Refs><AcctSvcrRef>221103CH09F7UJPC</AcctSvcrRef><InstrId>DNWK221102C28842</InstrId><EndToEndId>SP-18236693-0</EndToEndId><Prtry><Tp>00</Tp><Ref>221103CH09F7UJPC</Ref></Prtry></Refs><Amt Ccy="CHF">49.90</Amt><CdtDbtInd>CRDT</CdtDbtInd><BkTxCd><Domn><Cd>PMNT</Cd><Fmly><Cd>RCDT</Cd><SubFmlyCd>ATXN</SubFmlyCd></Fmly></Domn></BkTxCd><RltdPties><Dbtr><Nm>Patrik Matthias Paulus</Nm><PstlAdr><StrtNm>Schlyffistrasse</StrtNm><BldgNb>14</BldgNb><PstCd>8806</PstCd><TwnNm>Bach SZ</TwnNm><Ctry>CH</Ctry></PstlAdr></Dbtr><DbtrAcct><Id><IBAN>CH1504835023062971000</IBAN></Id></DbtrAcct><CdtrAcct><Id><IBAN>CH9209000000414939852</IBAN></Id></CdtrAcct></RltdPties><RltdAgts><DbtrAgt><FinInstnId><ClrSysMmbId><MmbId>4835</MmbId></ClrSysMmbId><Nm>Credit Suisse (Schweiz) AG</Nm><PstlAdr><AdrLine>Paradeplatz 8</AdrLine><AdrLine>8070 Zürich</AdrLine></PstlAdr></FinInstnId></DbtrAgt></RltdAgts><RmtInf><Ustrd>00655</Ustrd><Strd><AddtlRmtInf>?REJECT?0</AddtlRmtInf><AddtlRmtInf>?ERROR?000</AddtlRmtInf></Strd></RmtInf><RltdDts><AccptncDtTm>2022-11-03T20:00:00</AccptncDtTm></RltdDts></TxDtls></NtryDtls><AddtlNtryInf>GUTSCHRIFT AUFTRAGGEBER: PATRIK MATTHIAS PAULUS SCHLYFFISTRASSE 14 8806 BACH SZ MITTEILUNGEN: 00655 SPESENBETRAG 0.00 CHF SHA REFERENZEN: SP-18236693-0 DNWK221102C28842 221103CH09F7UJPC</AddtlNtryInf></Ntry><Ntry><NtryRef>CH9209000000414939852</NtryRef><Amt Ccy="CHF">928.00</Amt><CdtDbtInd>CRDT</CdtDbtInd><RvslInd>false</RvslInd><Sts>BOOK</Sts><BookgDt><Dt>2022-11-03</Dt></BookgDt><ValDt><Dt>2022-11-03</Dt></ValDt><AcctSvcrRef>307220109F3OP0SK</AcctSvcrRef><BkTxCd><Domn><Cd>PMNT</Cd><Fmly><Cd>RCDT</Cd><SubFmlyCd>AUTT</SubFmlyCd></Fmly></Domn></BkTxCd><NtryDtls><Btch><NbOfTxs>1</NbOfTxs></Btch><TxDtls><Refs><AcctSvcrRef>221102CH09F3OP0S</AcctSvcrRef><InstrId>20221102000800159963139</InstrId><Prtry><Tp>00</Tp><Ref>221102CH09F3OP0S</Ref></Prtry></Refs><Amt Ccy="CHF">928.00</Amt><CdtDbtInd>CRDT</CdtDbtInd><BkTxCd><Domn><Cd>PMNT</Cd><Fmly><Cd>RCDT</Cd><SubFmlyCd>AUTT</SubFmlyCd></Fmly></Domn></BkTxCd><RltdPties><Dbtr><Nm>CONSULAT GENERAL DE FRANCE ZH</Nm><PstlAdr><StrtNm>Signaustrasse</StrtNm><BldgNb>1</BldgNb><PstCd>8008</PstCd><TwnNm>Zürich</TwnNm><Ctry>CH</Ctry></PstlAdr></Dbtr><DbtrAcct><Id><IBAN>CH2309000000873785820</IBAN></Id></DbtrAcct><CdtrAcct><Id><IBAN>CH9209000000414939852</IBAN></Id></CdtrAcct></RltdPties><RltdAgts><DbtrAgt><FinInstnId><BICFI>POFICHBEXXX</BICFI><Nm>POSTFINANCE AG</Nm><PstlAdr><AdrLine>MINGERSTRASSE 20</AdrLine><AdrLine>3030 BERN</AdrLine></PstlAdr></FinInstnId></DbtrAgt></RltdAgts><RmtInf><Ustrd>Rechnung RE-94699 vom 11.10.2022 Ku</Ustrd><Ustrd>ndennummer : 082621</Ustrd><Strd><AddtlRmtInf>?REJECT?0</AddtlRmtInf><AddtlRmtInf>?ERROR?000</AddtlRmtInf></Strd></RmtInf><RltdDts><AccptncDtTm>2022-11-03T20:00:00</AccptncDtTm></RltdDts></TxDtls></NtryDtls><AddtlNtryInf>GUTSCHRIFT CH2309000000873785820 ABSENDER: CONSULAT GENERAL DE FRANCE ZH SIGNAUSTRASSE 1 8008 ZÜRICH MITTEILUNGEN: RECHNUNG RE-94699 VOM 11.10.2022 KU NDENNUMMER : 082621</AddtlNtryInf></Ntry><Ntry><NtryRef>CH9209000000414939852</NtryRef><Amt Ccy="CHF">97.70</Amt><CdtDbtInd>CRDT</CdtDbtInd><RvslInd>false</RvslInd><Sts>BOOK</Sts><BookgDt><Dt>2022-11-03</Dt></BookgDt><ValDt><Dt>2022-11-03</Dt></ValDt><AcctSvcrRef>307220109F7UBW6K</AcctSvcrRef><BkTxCd><Domn><Cd>PMNT</Cd><Fmly><Cd>RCDT</Cd><SubFmlyCd>ATXN</SubFmlyCd></Fmly></Domn></BkTxCd><NtryDtls><Btch><NbOfTxs>1</NbOfTxs></Btch><TxDtls><Refs><AcctSvcrRef>221103CH09F7UBW6</AcctSvcrRef><InstrId>DNWM221102C85889</InstrId><EndToEndId>SP-64416875-0</EndToEndId><Prtry><Tp>00</Tp><Ref>221103CH09F7UBW6</Ref></Prtry></Refs><Amt Ccy="CHF">97.70</Amt><CdtDbtInd>CRDT</CdtDbtInd><BkTxCd><Domn><Cd>PMNT</Cd><Fmly><Cd>RCDT</Cd><SubFmlyCd>ATXN</SubFmlyCd></Fmly></Domn></BkTxCd><RltdPties><Dbtr><Nm>Annette Schmid Eger</Nm><PstlAdr><StrtNm>Hubel</StrtNm><BldgNb>2</BldgNb><PstCd>5034</PstCd><TwnNm>Suhr</TwnNm><Ctry>CH</Ctry></PstlAdr></Dbtr><DbtrAcct><Id><IBAN>CH6404835089512520000</IBAN></Id></DbtrAcct><CdtrAcct><Id><IBAN>CH9209000000414939852</IBAN></Id></CdtrAcct></RltdPties><RltdAgts><DbtrAgt><FinInstnId><ClrSysMmbId><MmbId>4835</MmbId></ClrSysMmbId><Nm>Credit Suisse (Schweiz) AG</Nm><PstlAdr><AdrLine>Paradeplatz 8</AdrLine><AdrLine>8070 Zürich</AdrLine></PstlAdr></FinInstnId></DbtrAgt></RltdAgts><RmtInf><Ustrd>RE-95379</Ustrd><Strd><AddtlRmtInf>?REJECT?0</AddtlRmtInf><AddtlRmtInf>?ERROR?000</AddtlRmtInf></Strd></RmtInf><RltdDts><AccptncDtTm>2022-11-03T20:00:00</AccptncDtTm></RltdDts></TxDtls></NtryDtls><AddtlNtryInf>GUTSCHRIFT AUFTRAGGEBER: ANNETTE SCHMID EGER HUBEL 2 5034 SUHR MITTEILUNGEN: RE-95379 SPESENBETRAG 0.00 CHF SHA REFERENZEN: SP-64416875-0 DNWM221102C85889 221103CH09F7UBW6</AddtlNtryInf></Ntry><Ntry><NtryRef>CH9209000000414939852</NtryRef><Amt Ccy="CHF">3575.08</Amt><CdtDbtInd>CRDT</CdtDbtInd><RvslInd>false</RvslInd><Sts>BOOK</Sts><BookgDt><Dt>2022-11-03</Dt></BookgDt><ValDt><Dt>2022-11-03</Dt></ValDt><AcctSvcrRef>307220009F1EJXMK</AcctSvcrRef><BkTxCd><Domn><Cd>PMNT</Cd><Fmly><Cd>RCDT</Cd><SubFmlyCd>AUTT</SubFmlyCd></Fmly></Domn></BkTxCd><NtryDtls><Btch><NbOfTxs>1</NbOfTxs></Btch><TxDtls><Refs><MsgId>TWINT20221101-101-Merchant</MsgId><AcctSvcrRef>221102CH09F1EJXM</AcctSvcrRef><PmtInfId>TWINT20221101-101-Merchant-B1</PmtInfId><InstrId>79b07b551bbd4be984ecb8f240152074</InstrId><EndToEndId>TWINT20221101-101-Merchant-B1</EndToEndId><Prtry><Tp>00</Tp><Ref>221102CH09F1EJXM</Ref></Prtry></Refs><Amt Ccy="CHF">3575.08</Amt><CdtDbtInd>CRDT</CdtDbtInd><BkTxCd><Domn><Cd>PMNT</Cd><Fmly><Cd>RCDT</Cd><SubFmlyCd>AUTT</SubFmlyCd></Fmly></Domn></BkTxCd><RltdPties><Dbtr><Nm>TWINT Acquiring AG</Nm><PstlAdr><StrtNm>Stauffacherstrasse</StrtNm><BldgNb>41</BldgNb><PstCd>8004</PstCd><TwnNm>Zürich</TwnNm><Ctry>CH</Ctry></PstlAdr></Dbtr><DbtrAcct><Id><IBAN>CH6609000000313087410</IBAN></Id></DbtrAcct><CdtrAcct><Id><IBAN>CH9209000000414939852</IBAN></Id></CdtrAcct></RltdPties><RltdAgts><DbtrAgt><FinInstnId><BICFI>POFICHBEXXX</BICFI><Nm>POSTFINANCE AG</Nm><PstlAdr><AdrLine>MINGERSTRASSE 20</AdrLine><AdrLine>3030 BERN</AdrLine></PstlAdr></FinInstnId></DbtrAgt></RltdAgts><RmtInf><Ustrd>999999 TWINT TWINT Auszahlungen Pay</Ustrd><Ustrd>out 20221102                       </Ustrd><Ustrd>   Gross: 3622.19 Fees: -47.11</Ustrd><Strd><AddtlRmtInf>?REJECT?0</AddtlRmtInf><AddtlRmtInf>?ERROR?000</AddtlRmtInf></Strd></RmtInf><RltdDts><AccptncDtTm>2022-11-03T20:00:00</AccptncDtTm></RltdDts></TxDtls></NtryDtls><AddtlNtryInf>GUTSCHRIFT CH6609000000313087410 ABSENDER: TWINT ACQUIRING AG STAUFFACHERSTRASSE 41 8004 ZÜRICH MITTEILUNGEN: 999999 TWINT TWINT AUSZAHLUNGEN PAY OUT 20221102                           GROSS: 3622.19 FEES: -47.11 REFERENZEN: TWINT20221101-101-MERCHANT-B1</AddtlNtryInf></Ntry><Ntry><NtryRef>CH9209000000414939852</NtryRef><Amt Ccy="CHF">2544.67</Amt><CdtDbtInd>CRDT</CdtDbtInd><RvslInd>false</RvslInd><Sts>BOOK</Sts><BookgDt><Dt>2022-11-03</Dt></BookgDt><ValDt><Dt>2022-11-03</Dt></ValDt><AcctSvcrRef>307220109F9TILCK</AcctSvcrRef><BkTxCd><Domn><Cd>PMNT</Cd><Fmly><Cd>RCDT</Cd><SubFmlyCd>ATXN</SubFmlyCd></Fmly></Domn></BkTxCd><NtryDtls><Btch><NbOfTxs>1</NbOfTxs></Btch><TxDtls><Refs><AcctSvcrRef>221103CH09F9TILC</AcctSvcrRef><InstrId>LON03258693120</InstrId><EndToEndId>NOTPROVIDED</EndToEndId><Prtry><Tp>00</Tp><Ref>221103CH09F9TILC</Ref></Prtry></Refs><Amt Ccy="CHF">2544.67</Amt><CdtDbtInd>CRDT</CdtDbtInd><BkTxCd><Domn><Cd>PMNT</Cd><Fmly><Cd>RCDT</Cd><SubFmlyCd>ATXN</SubFmlyCd></Fmly></Domn></BkTxCd><RltdPties><Dbtr><Nm>STRIPE PAYMENTS UK LTD</Nm><PstlAdr><AdrLine>9TH FLOOR, 107 CHEAPSIDE GB - LONDO</AdrLine><AdrLine>N EC2V 6DN</AdrLine></PstlAdr></Dbtr><DbtrAcct><Id><IBAN>DK6289000000010375</IBAN></Id></DbtrAcct><CdtrAcct><Id><IBAN>CH9209000000414939852</IBAN></Id></CdtrAcct></RltdPties><RltdAgts><DbtrAgt><FinInstnId><BICFI>CITIGB2LXXX</BICFI><Nm>CITIBANK N.A.</Nm><PstlAdr><AdrLine>CITIBANK CENTRE25 CANADA SQUARE</AdrLine><AdrLine>E14 5LB LONDON</AdrLine></PstlAdr></FinInstnId></DbtrAgt></RltdAgts><RmtInf><Ustrd>STRIPE G0U2R4</Ustrd><Strd><AddtlRmtInf>?REJECT?0</AddtlRmtInf><AddtlRmtInf>?ERROR?000</AddtlRmtInf></Strd></RmtInf><RltdDts><AccptncDtTm>2022-11-03T20:00:00</AccptncDtTm></RltdDts></TxDtls></NtryDtls><AddtlNtryInf>GUTSCHRIFT AUFTRAGGEBER: STRIPE PAYMENTS UK LTD 9TH FLOOR, 107 CHEAPSIDE GB - LONDO N EC2V 6DN MITTEILUNGEN: STRIPE G0U2R4 SPESENBETRAG 0.00 CHF SHA REFERENZEN: NOTPROVIDED LON03258693120 221103CH09F9TILC</AddtlNtryInf></Ntry><Ntry><Amt Ccy="CHF">62899.62</Amt><CdtDbtInd>DBIT</CdtDbtInd><RvslInd>false</RvslInd><Sts>BOOK</Sts><BookgDt><Dt>2022-11-03</Dt></BookgDt><ValDt><Dt>2022-11-03</Dt></ValDt><AcctSvcrRef>307220009F73HIRK</AcctSvcrRef><BkTxCd><Domn><Cd>PMNT</Cd><Fmly><Cd>ICDT</Cd><SubFmlyCd>ESCT</SubFmlyCd></Fmly></Domn></BkTxCd><NtryDtls><TxDtls><Refs><AcctSvcrRef>25-690522821-1</AcctSvcrRef><PmtInfId>25:690522821</PmtInfId><InstrId>20221103000800174602151</InstrId></Refs><Amt Ccy="CHF">62899.62</Amt><CdtDbtInd>DBIT</CdtDbtInd><AmtDtls><InstdAmt><Amt Ccy="EUR">63260.20</Amt><CcyXchg><SrcCcy>EUR</SrcCcy><XchgRate>0.9943</XchgRate></CcyXchg></InstdAmt></AmtDtls><BkTxCd><Domn><Cd>PMNT</Cd><Fmly><Cd>ICDT</Cd><SubFmlyCd>ESCT</SubFmlyCd></Fmly></Domn></BkTxCd><RltdPties><Cdtr><Nm>Shengzhou Shenghua Machinery Techno</Nm><PstlAdr><Ctry>LU</Ctry><AdrLine>9, rue du Laboratoire logy Co., Ltd.</AdrLine><AdrLine>L-1911 Luxembourg</AdrLine></PstlAdr></Cdtr><CdtrAcct><Id><IBAN>LU750670005068619486</IBAN></Id></CdtrAcct></RltdPties><RltdAgts><CdtrAgt><FinInstnId><BICFI>CHASLULXXXX</BICFI><Nm>J.P. MORGAN SE - LUXEMBOURG BRANCH</Nm><PstlAdr><Ctry>LU</Ctry><AdrLine>6 ROUTE DE TREVES L-2663 SENNINGERBERG</AdrLine></PstlAdr></FinInstnId></CdtrAgt></RltdAgts><RmtInf><Ustrd>148662819001022575</Ustrd><Strd><AddtlRmtInf>HW Mein-Stehtisch 2/2</AddtlRmtInf></Strd></RmtInf></TxDtls></NtryDtls><AddtlNtryInf>GIRO INTERNATIONAL (SEPA) EUR 63'260.20 ZUM KURS VON 0.9943 J.P. MORGAN SE - LUXEMBOURG BRANCH 6 ROUTE DE TREVES L-2663 SENNINGERBERG LU750670005068619486 SHENGZHOU SHENGHUA MACHINERY TECHNO 9, RUE DU LABORATOIRE LOGY CO., LTD. L-1911 LUXEMBOURG SENDER REFERENZ: HW MEIN-STEHTISCH 2/2 20221103000800174602151</AddtlNtryInf></Ntry><Ntry><NtryRef>CH4330000001414939852</NtryRef><Amt Ccy="CHF">1469.20</Amt><CdtDbtInd>CRDT</CdtDbtInd><RvslInd>false</RvslInd><Sts>BOOK</Sts><BookgDt><Dt>2022-11-03</Dt></BookgDt><ValDt><Dt>2022-11-03</Dt></ValDt><AcctSvcrRef>307220009FDWFADU</AcctSvcrRef><BkTxCd><Domn><Cd>PMNT</Cd><Fmly><Cd>RCDT</Cd><SubFmlyCd>VCOM</SubFmlyCd></Fmly></Domn></BkTxCd><Chrgs><TtlChrgsAndTaxAmt Ccy="CHF">1.60</TtlChrgsAndTaxAmt><Rcrd><Amt Ccy="CHF">1.60</Amt><CdtDbtInd>DBIT</CdtDbtInd><ChrgInclInd>false</ChrgInclInd><Tp><Prtry><Id>2</Id></Prtry></Tp></Rcrd></Chrgs><NtryDtls><TxDtls><Refs><AcctSvcrRef>307220009FDWFADU</AcctSvcrRef></Refs><Amt Ccy="CHF">1469.20</Amt><CdtDbtInd>CRDT</CdtDbtInd></TxDtls></NtryDtls><AddtlNtryInf>SAMMELGUTSCHRIFT FÜR KONTO: CH4330000001414939852 VERARBEITUNG VOM 03.11.2022 PAKET ID: 221103CH000007VQ</AddtlNtryInf></Ntry><Ntry><NtryRef>CH9530000002414939852</NtryRef><Amt Ccy="CHF">99.80</Amt><CdtDbtInd>CRDT</CdtDbtInd><RvslInd>false</RvslInd><Sts>BOOK</Sts><BookgDt><Dt>2022-11-03</Dt></BookgDt><ValDt><Dt>2022-11-03</Dt></ValDt><AcctSvcrRef>307220009FDWIQIU</AcctSvcrRef><BkTxCd><Domn><Cd>PMNT</Cd><Fmly><Cd>RCDT</Cd><SubFmlyCd>VCOM</SubFmlyCd></Fmly></Domn></BkTxCd><NtryDtls><TxDtls><Refs><AcctSvcrRef>307220009FDWIQIU</AcctSvcrRef></Refs><Amt Ccy="CHF">99.80</Amt><CdtDbtInd>CRDT</CdtDbtInd></TxDtls></NtryDtls><AddtlNtryInf>SAMMELGUTSCHRIFT FÜR KONTO: CH9530000002414939852 VERARBEITUNG VOM 03.11.2022 PAKET ID: 221103CH00000EE8</AddtlNtryInf></Ntry><Ntry><Amt Ccy="CHF">34.30</Amt><CdtDbtInd>CRDT</CdtDbtInd><RvslInd>false</RvslInd><Sts>BOOK</Sts><BookgDt><Dt>2022-11-03</Dt></BookgDt><ValDt><Dt>2022-11-03</Dt></ValDt><AcctSvcrRef>3072400304708485</AcctSvcrRef><BkTxCd><Domn><Cd>PMNT</Cd><Fmly><Cd>MCRD</Cd><SubFmlyCd>POSP</SubFmlyCd></Fmly></Domn></BkTxCd><NtryDtls><TxDtls><Refs><AcctSvcrRef>3072400304708485</AcctSvcrRef></Refs><Amt Ccy="CHF">34.30</Amt><CdtDbtInd>CRDT</CdtDbtInd></TxDtls></NtryDtls><AddtlNtryInf>GUTSCHRIFT E-PAYMENT-TRANSAKTIONEN POSTFINANCE CARD EINLIEFERUNG VOM 02.11.2022 EVERSMART PRODUCTS HANDELS GMBH PFAQ08RY0000001 WWW.ROADTRIP77.CH</AddtlNtryInf></Ntry></Stmt></BkToCstmrStmt></Document>
