<?xml version="1.0" encoding="UTF-8"?>
<Document xmlns="urn:iso:std:iso:20022:tech:xsd:camt.053.001.04" xmlns:xsi="http://www.w3.org/2001/XMLSchema-instance" xsi:schemaLocation="urn:iso:std:iso:20022:tech:xsd:camt.053.001.04 camt.053.001.04.xsd"><BkToCstmrStmt><GrpHdr><MsgId>20221031375204965861054</MsgId><CreDtTm>2022-11-01T02:21:46</CreDtTm><MsgPgntn><PgNb>1</PgNb><LastPgInd>true</LastPgInd></MsgPgntn><AddtlInf>SPS/1.7/PROD</AddtlInf></GrpHdr><Stmt><Id>20221031375204965861066</Id><ElctrncSeqNb>213</ElctrncSeqNb><CreDtTm>2022-11-01T02:21:46</CreDtTm><FrToDt><FrDtTm>2022-10-29T00:00:00</FrDtTm><ToDtTm>2022-10-31T23:59:59</ToDtTm></FrToDt><Acct><Id><IBAN>CH9209000000414939852</IBAN></Id><Ownr><Nm>eversmart products Handels GmbH Pfäffikon SZ</Nm></Ownr></Acct><Bal><Tp><CdOrPrtry><Cd>OPBD</Cd></CdOrPrtry></Tp><Amt Ccy="CHF">9721.11</Amt><CdtDbtInd>CRDT</CdtDbtInd><Dt><Dt>2022-10-29</Dt></Dt></Bal><Bal><Tp><CdOrPrtry><Cd>CLBD</Cd></CdOrPrtry></Tp><Amt Ccy="CHF">25520.19</Amt><CdtDbtInd>CRDT</CdtDbtInd><Dt><Dt>2022-10-31</Dt></Dt></Bal><Bal><Tp><CdOrPrtry><Cd>CLAV</Cd></CdOrPrtry></Tp><Amt Ccy="CHF">25520.19</Amt><CdtDbtInd>CRDT</CdtDbtInd><Dt><Dt>2022-10-31</Dt></Dt></Bal><Ntry><Amt Ccy="CHF">89.80</Amt><CdtDbtInd>CRDT</CdtDbtInd><RvslInd>false</RvslInd><Sts>BOOK</Sts><BookgDt><Dt>2022-10-30</Dt></BookgDt><ValDt><Dt>2022-10-31</Dt></ValDt><AcctSvcrRef>3032400298050306</AcctSvcrRef><BkTxCd><Domn><Cd>PMNT</Cd><Fmly><Cd>MCRD</Cd><SubFmlyCd>POSP</SubFmlyCd></Fmly></Domn></BkTxCd><NtryDtls><TxDtls><Refs><AcctSvcrRef>3032400298050306</AcctSvcrRef></Refs><Amt Ccy="CHF">89.80</Amt><CdtDbtInd>CRDT</CdtDbtInd></TxDtls></NtryDtls><AddtlNtryInf>GUTSCHRIFT E-PAYMENT-TRANSAKTIONEN POSTFINANCE CARD EINLIEFERUNG VOM 29.10.2022 EVERSMART PRODUCTS HANDELS GMBH PFAQ08S00000001 WWW.LOEWENHAAR.CH</AddtlNtryInf></Ntry><Ntry><Amt Ccy="CHF">5.00</Amt><CdtDbtInd>DBIT</CdtDbtInd><RvslInd>false</RvslInd><Sts>BOOK</Sts><BookgDt><Dt>2022-10-31</Dt></BookgDt><ValDt><Dt>2022-10-31</Dt></ValDt><AcctSvcrRef>3042100182248495</AcctSvcrRef><BkTxCd><Domn><Cd>ACMT</Cd><Fmly><Cd>ADOP</Cd><SubFmlyCd>CHRG</SubFmlyCd></Fmly></Domn></BkTxCd><NtryDtls><TxDtls><Refs><AcctSvcrRef>3042100182248495</AcctSvcrRef></Refs><Amt Ccy="CHF">5.00</Amt><CdtDbtInd>DBIT</CdtDbtInd></TxDtls></NtryDtls><AddtlNtryInf>PREIS FÜR DIE KONTOFÜHRUNG</AddtlNtryInf></Ntry><Ntry><Amt Ccy="CHF">10.00</Amt><CdtDbtInd>DBIT</CdtDbtInd><RvslInd>false</RvslInd><Sts>BOOK</Sts><BookgDt><Dt>2022-10-31</Dt></BookgDt><ValDt><Dt>2022-10-31</Dt></ValDt><AcctSvcrRef>3042100183368461</AcctSvcrRef><BkTxCd><Domn><Cd>PMNT</Cd><Fmly><Cd>MDOP</Cd><SubFmlyCd>CHRG</SubFmlyCd></Fmly></Domn></BkTxCd><NtryDtls><TxDtls><Refs><AcctSvcrRef>3042100183368461</AcctSvcrRef></Refs><Amt Ccy="CHF">10.00</Amt><CdtDbtInd>DBIT</CdtDbtInd></TxDtls></NtryDtls><AddtlNtryInf>PREIS FÜR GIRO INTERNATIONAL ANZAHL TRANSAKTIONEN: 5 URSPRUNGS-KONTONUMMER: CH9209000000414939852</AddtlNtryInf></Ntry><Ntry><Amt Ccy="CHF">12.00</Amt><CdtDbtInd>DBIT</CdtDbtInd><RvslInd>false</RvslInd><Sts>BOOK</Sts><BookgDt><Dt>2022-10-31</Dt></BookgDt><ValDt><Dt>2022-10-31</Dt></ValDt><AcctSvcrRef>3042100183368576</AcctSvcrRef><BkTxCd><Domn><Cd>PMNT</Cd><Fmly><Cd>MDOP</Cd><SubFmlyCd>CHRG</SubFmlyCd></Fmly></Domn></BkTxCd><NtryDtls><TxDtls><Refs><AcctSvcrRef>3042100183368576</AcctSvcrRef></Refs><Amt Ccy="CHF">12.00</Amt><CdtDbtInd>DBIT</CdtDbtInd></TxDtls></NtryDtls><AddtlNtryInf>PREIS FÜR GIRO INTERNATIONAL URGENT ANZAHL TRANSAKTIONEN: 1 URSPRUNGS-KONTONUMMER: CH9209000000414939852</AddtlNtryInf></Ntry><Ntry><Amt Ccy="CHF">2.40</Amt><CdtDbtInd>DBIT</CdtDbtInd><RvslInd>false</RvslInd><Sts>BOOK</Sts><BookgDt><Dt>2022-10-31</Dt></BookgDt><ValDt><Dt>2022-10-31</Dt></ValDt><AcctSvcrRef>3042100183522732</AcctSvcrRef><BkTxCd><Domn><Cd>PMNT</Cd><Fmly><Cd>MDOP</Cd><SubFmlyCd>CHRG</SubFmlyCd></Fmly></Domn></BkTxCd><NtryDtls><TxDtls><Refs><AcctSvcrRef>3042100183522732</AcctSvcrRef></Refs><Amt Ccy="CHF">2.40</Amt><CdtDbtInd>DBIT</CdtDbtInd></TxDtls></NtryDtls><AddtlNtryInf>PREIS FÜR VOLLERFASSUNG QR-RECHNUNG KONTO: CH4330000001414939852</AddtlNtryInf></Ntry><Ntry><Amt Ccy="CHF">12.35</Amt><CdtDbtInd>DBIT</CdtDbtInd><RvslInd>false</RvslInd><Sts>BOOK</Sts><BookgDt><Dt>2022-10-31</Dt></BookgDt><ValDt><Dt>2022-10-31</Dt></ValDt><AcctSvcrRef>3042100183522799</AcctSvcrRef><BkTxCd><Domn><Cd>PMNT</Cd><Fmly><Cd>MDOP</Cd><SubFmlyCd>CHRG</SubFmlyCd></Fmly></Domn></BkTxCd><NtryDtls><TxDtls><Refs><AcctSvcrRef>3042100183522799</AcctSvcrRef></Refs><Amt Ccy="CHF">12.35</Amt><CdtDbtInd>DBIT</CdtDbtInd></TxDtls></NtryDtls><AddtlNtryInf>PREIS FÜR EINZAHLUNGEN AM SCHALTER QR-RECHNUNG KONTO: CH9530000002414939852</AddtlNtryInf></Ntry><Ntry><Amt Ccy="CHF">84.20</Amt><CdtDbtInd>DBIT</CdtDbtInd><RvslInd>false</RvslInd><Sts>BOOK</Sts><BookgDt><Dt>2022-10-31</Dt></BookgDt><ValDt><Dt>2022-10-31</Dt></ValDt><AcctSvcrRef>3042100183522883</AcctSvcrRef><BkTxCd><Domn><Cd>PMNT</Cd><Fmly><Cd>MDOP</Cd><SubFmlyCd>CHRG</SubFmlyCd></Fmly></Domn></BkTxCd><NtryDtls><TxDtls><Refs><AcctSvcrRef>3042100183522883</AcctSvcrRef></Refs><Amt Ccy="CHF">84.20</Amt><CdtDbtInd>DBIT</CdtDbtInd></TxDtls></NtryDtls><AddtlNtryInf>PREIS FÜR EINZAHLUNGEN AM SCHALTER QR-RECHNUNG KONTO: CH4330000001414939852</AddtlNtryInf></Ntry><Ntry><Amt Ccy="CHF">0.12</Amt><CdtDbtInd>DBIT</CdtDbtInd><RvslInd>false</RvslInd><Sts>BOOK</Sts><BookgDt><Dt>2022-10-31</Dt></BookgDt><ValDt><Dt>2022-10-31</Dt></ValDt><AcctSvcrRef>3042100183522962</AcctSvcrRef><BkTxCd><Domn><Cd>PMNT</Cd><Fmly><Cd>MDOP</Cd><SubFmlyCd>CHRG</SubFmlyCd></Fmly></Domn></BkTxCd><NtryDtls><TxDtls><Refs><AcctSvcrRef>3042100183522962</AcctSvcrRef></Refs><Amt Ccy="CHF">0.12</Amt><CdtDbtInd>DBIT</CdtDbtInd></TxDtls></NtryDtls><AddtlNtryInf>PREIS FÜR BETRAGSERFASSUNG QR-RECHNUNG KONTO: CH4330000001414939852</AddtlNtryInf></Ntry><Ntry><NtryRef>CH9209000000414939852</NtryRef><Amt Ccy="CHF">149.90</Amt><CdtDbtInd>CRDT</CdtDbtInd><RvslInd>false</RvslInd><Sts>BOOK</Sts><BookgDt><Dt>2022-10-31</Dt></BookgDt><ValDt><Dt>2022-10-31</Dt></ValDt><AcctSvcrRef>304220109EKBY5ZK</AcctSvcrRef><BkTxCd><Domn><Cd>PMNT</Cd><Fmly><Cd>RCDT</Cd><SubFmlyCd>ATXN</SubFmlyCd></Fmly></Domn></BkTxCd><NtryDtls><Btch><NbOfTxs>1</NbOfTxs></Btch><TxDtls><Refs><AcctSvcrRef>221031CH09EKBY5Z</AcctSvcrRef><InstrId>17009833763/6XXX</InstrId><EndToEndId>NOTPROVIDED</EndToEndId><Prtry><Tp>00</Tp><Ref>221031CH09EKBY5Z</Ref></Prtry></Refs><Amt Ccy="CHF">149.90</Amt><CdtDbtInd>CRDT</CdtDbtInd><BkTxCd><Domn><Cd>PMNT</Cd><Fmly><Cd>RCDT</Cd><SubFmlyCd>ATXN</SubFmlyCd></Fmly></Domn></BkTxCd><RltdPties><Dbtr><Nm>Kim-Alexandra Klee</Nm><PstlAdr><AdrLine>Hueltschern 5</AdrLine><AdrLine>6204 Sempach</AdrLine></PstlAdr></Dbtr><DbtrAcct><Id><IBAN>CH9680808008496478636</IBAN></Id></DbtrAcct><CdtrAcct><Id><IBAN>CH9209000000414939852</IBAN></Id></CdtrAcct></RltdPties><RltdAgts><DbtrAgt><FinInstnId><ClrSysMmbId><MmbId>81203</MmbId></ClrSysMmbId><Nm>Raiffeisenbank Luzern</Nm><PstlAdr><AdrLine>Bahnhofstrasse 5</AdrLine><AdrLine>6003 Luzern</AdrLine></PstlAdr></FinInstnId></DbtrAgt></RltdAgts><RmtInf><Strd><AddtlRmtInf>?REJECT?0</AddtlRmtInf><AddtlRmtInf>?ERROR?000</AddtlRmtInf></Strd></RmtInf><RltdDts><AccptncDtTm>2022-10-31T20:00:00</AccptncDtTm></RltdDts></TxDtls></NtryDtls><AddtlNtryInf>GUTSCHRIFT AUFTRAGGEBER: KIM-ALEXANDRA KLEE HUELTSCHERN 5 6204 SEMPACH REFERENZEN: NOTPROVIDED 17009833763/6XXX 221031CH09EKBY5Z</AddtlNtryInf></Ntry><Ntry><NtryRef>CH9209000000414939852</NtryRef><Amt Ccy="CHF">2191.45</Amt><CdtDbtInd>CRDT</CdtDbtInd><RvslInd>false</RvslInd><Sts>BOOK</Sts><BookgDt><Dt>2022-10-31</Dt></BookgDt><ValDt><Dt>2022-10-31</Dt></ValDt><AcctSvcrRef>304220109ELZC90K</AcctSvcrRef><BkTxCd><Domn><Cd>PMNT</Cd><Fmly><Cd>RCDT</Cd><SubFmlyCd>ATXN</SubFmlyCd></Fmly></Domn></BkTxCd><NtryDtls><Btch><NbOfTxs>1</NbOfTxs></Btch><TxDtls><Refs><AcctSvcrRef>221031CH09ELZC90</AcctSvcrRef><InstrId>LON03257825613</InstrId><EndToEndId>NOTPROVIDED</EndToEndId><Prtry><Tp>00</Tp><Ref>221031CH09ELZC90</Ref></Prtry></Refs><Amt Ccy="CHF">2191.45</Amt><CdtDbtInd>CRDT</CdtDbtInd><BkTxCd><Domn><Cd>PMNT</Cd><Fmly><Cd>RCDT</Cd><SubFmlyCd>ATXN</SubFmlyCd></Fmly></Domn></BkTxCd><RltdPties><Dbtr><Nm>STRIPE PAYMENTS UK LTD</Nm><PstlAdr><AdrLine>9TH FLOOR, 107 CHEAPSIDE GB - LONDO</AdrLine><AdrLine>N EC2V 6DN</AdrLine></PstlAdr></Dbtr><DbtrAcct><Id><IBAN>DK6289000000010375</IBAN></Id></DbtrAcct><CdtrAcct><Id><IBAN>CH9209000000414939852</IBAN></Id></CdtrAcct></RltdPties><RltdAgts><DbtrAgt><FinInstnId><BICFI>CITIGB2LXXX</BICFI><Nm>CITIBANK N.A.</Nm><PstlAdr><AdrLine>CITIBANK CENTRE25 CANADA SQUARE</AdrLine><AdrLine>E14 5LB LONDON</AdrLine></PstlAdr></FinInstnId></DbtrAgt></RltdAgts><RmtInf><Ustrd>STRIPE Z4Z5X2</Ustrd><Strd><AddtlRmtInf>?REJECT?0</AddtlRmtInf><AddtlRmtInf>?ERROR?000</AddtlRmtInf></Strd></RmtInf><RltdDts><AccptncDtTm>2022-10-31T20:00:00</AccptncDtTm></RltdDts></TxDtls></NtryDtls><AddtlNtryInf>GUTSCHRIFT AUFTRAGGEBER: STRIPE PAYMENTS UK LTD 9TH FLOOR, 107 CHEAPSIDE GB - LONDO N EC2V 6DN MITTEILUNGEN: STRIPE Z4Z5X2 SPESENBETRAG 0.00 CHF SHA REFERENZEN: NOTPROVIDED LON03257825613 221031CH09ELZC90</AddtlNtryInf></Ntry><Ntry><NtryRef>CH9209000000414939852</NtryRef><Amt Ccy="CHF">5542.59</Amt><CdtDbtInd>CRDT</CdtDbtInd><RvslInd>false</RvslInd><Sts>BOOK</Sts><BookgDt><Dt>2022-10-31</Dt></BookgDt><ValDt><Dt>2022-10-31</Dt></ValDt><AcctSvcrRef>304220009E66SNRK</AcctSvcrRef><BkTxCd><Domn><Cd>PMNT</Cd><Fmly><Cd>RCDT</Cd><SubFmlyCd>AUTT</SubFmlyCd></Fmly></Domn></BkTxCd><NtryDtls><Btch><NbOfTxs>1</NbOfTxs></Btch><TxDtls><Refs><MsgId>TWINT20221027-101-Merchant</MsgId><AcctSvcrRef>221028CH09E66SNR</AcctSvcrRef><PmtInfId>TWINT20221027-101-Merchant-B1</PmtInfId><InstrId>c72e9914be404d2ab629e6ade24de41a</InstrId><EndToEndId>TWINT20221027-101-Merchant-B1</EndToEndId><Prtry><Tp>00</Tp><Ref>221028CH09E66SNR</Ref></Prtry></Refs><Amt Ccy="CHF">5542.59</Amt><CdtDbtInd>CRDT</CdtDbtInd><BkTxCd><Domn><Cd>PMNT</Cd><Fmly><Cd>RCDT</Cd><SubFmlyCd>AUTT</SubFmlyCd></Fmly></Domn></BkTxCd><RltdPties><Dbtr><Nm>TWINT Acquiring AG</Nm><PstlAdr><StrtNm>Stauffacherstrasse</StrtNm><BldgNb>41</BldgNb><PstCd>8004</PstCd><TwnNm>Zürich</TwnNm><Ctry>CH</Ctry></PstlAdr></Dbtr><DbtrAcct><Id><IBAN>CH6609000000313087410</IBAN></Id></DbtrAcct><CdtrAcct><Id><IBAN>CH9209000000414939852</IBAN></Id></CdtrAcct></RltdPties><RltdAgts><DbtrAgt><FinInstnId><BICFI>POFICHBEXXX</BICFI><Nm>POSTFINANCE AG</Nm><PstlAdr><AdrLine>MINGERSTRASSE 20</AdrLine><AdrLine>3030 BERN</AdrLine></PstlAdr></FinInstnId></DbtrAgt></RltdAgts><RmtInf><Ustrd>999999 TWINT TWINT Auszahlungen Pay</Ustrd><Ustrd>out 20221028                       </Ustrd><Ustrd>   Gross: 5615.60 Fees: -73.01</Ustrd><Strd><AddtlRmtInf>?REJECT?0</AddtlRmtInf><AddtlRmtInf>?ERROR?000</AddtlRmtInf></Strd></RmtInf><RltdDts><AccptncDtTm>2022-10-31T20:00:00</AccptncDtTm></RltdDts></TxDtls></NtryDtls><AddtlNtryInf>GUTSCHRIFT CH6609000000313087410 ABSENDER: TWINT ACQUIRING AG STAUFFACHERSTRASSE 41 8004 ZÜRICH MITTEILUNGEN: 999999 TWINT TWINT AUSZAHLUNGEN PAY OUT 20221028                           GROSS: 5615.60 FEES: -73.01 REFERENZEN: TWINT20221027-101-MERCHANT-B1</AddtlNtryInf></Ntry><Ntry><NtryRef>CH9209000000414939852</NtryRef><Amt Ccy="CHF">129.15</Amt><CdtDbtInd>CRDT</CdtDbtInd><RvslInd>false</RvslInd><Sts>BOOK</Sts><BookgDt><Dt>2022-10-31</Dt></BookgDt><ValDt><Dt>2022-10-31</Dt></ValDt><AcctSvcrRef>304220109ENA19RK</AcctSvcrRef><BkTxCd><Domn><Cd>PMNT</Cd><Fmly><Cd>RCDT</Cd><SubFmlyCd>ATXN</SubFmlyCd></Fmly></Domn></BkTxCd><NtryDtls><Btch><NbOfTxs>1</NbOfTxs></Btch><TxDtls><Refs><AcctSvcrRef>221031CH09ENA19R</AcctSvcrRef><InstrId>9901804E65714994</InstrId><EndToEndId>CONCA00000004591</EndToEndId><Prtry><Tp>00</Tp><Ref>221031CH09ENA19R</Ref></Prtry></Refs><Amt Ccy="CHF">129.15</Amt><CdtDbtInd>CRDT</CdtDbtInd><BkTxCd><Domn><Cd>PMNT</Cd><Fmly><Cd>RCDT</Cd><SubFmlyCd>ATXN</SubFmlyCd></Fmly></Domn></BkTxCd><RltdPties><Dbtr><Nm>CONCARDIS GMBH</Nm><PstlAdr><AdrLine>HELFMANN PARK 7 DE 65760 ESCHBORN</AdrLine></PstlAdr></Dbtr><DbtrAcct><Id><IBAN>CH830023023065770601M</IBAN></Id></DbtrAcct><CdtrAcct><Id><IBAN>CH9209000000414939852</IBAN></Id></CdtrAcct></RltdPties><RltdAgts><DbtrAgt><FinInstnId><ClrSysMmbId><MmbId>230</MmbId></ClrSysMmbId><Nm>UBS Switzerland AG</Nm><PstlAdr><AdrLine>Bahnhofstrasse 45</AdrLine><AdrLine>8098 Zürich</AdrLine></PstlAdr></FinInstnId></DbtrAgt></RltdAgts><RmtInf><Ustrd>/ROC/CONCA00000004591 MC:DAT19.10.2</Ustrd><Ustrd>2:ZAHL-NR000024: BRUTTO131,05:KOM1,</Ustrd><Ustrd>90:VP156589338: FIL:TRX3 </Ustrd><Strd><AddtlRmtInf>?REJECT?0</AddtlRmtInf><AddtlRmtInf>?ERROR?000</AddtlRmtInf></Strd></RmtInf><RltdDts><AccptncDtTm>2022-10-31T20:00:00</AccptncDtTm></RltdDts></TxDtls></NtryDtls><AddtlNtryInf>GUTSCHRIFT AUFTRAGGEBER: CONCARDIS GMBH HELFMANN PARK 7 DE 65760 ESCHBORN MITTEILUNGEN: /ROC/CONCA00000004591 MC:DAT19.10.2 2:ZAHL-NR000024: BRUTTO131,05:KOM1, 90:VP156589338: FIL:TRX3  SPESENBETRAG 0.00 CHF SHA REFERENZEN: CONCA00000004591 9901804E65714994 221031CH09ENA19R</AddtlNtryInf></Ntry><Ntry><NtryRef>CH9209000000414939852</NtryRef><Amt Ccy="CHF">182.45</Amt><CdtDbtInd>CRDT</CdtDbtInd><RvslInd>false</RvslInd><Sts>BOOK</Sts><BookgDt><Dt>2022-10-31</Dt></BookgDt><ValDt><Dt>2022-10-31</Dt></ValDt><AcctSvcrRef>304220109ENA1RXK</AcctSvcrRef><BkTxCd><Domn><Cd>PMNT</Cd><Fmly><Cd>RCDT</Cd><SubFmlyCd>ATXN</SubFmlyCd></Fmly></Domn></BkTxCd><NtryDtls><Btch><NbOfTxs>1</NbOfTxs></Btch><TxDtls><Refs><AcctSvcrRef>221031CH09ENA1RX</AcctSvcrRef><InstrId>9901804E65714951</InstrId><EndToEndId>CONCA00000004548</EndToEndId><Prtry><Tp>00</Tp><Ref>221031CH09ENA1RX</Ref></Prtry></Refs><Amt Ccy="CHF">182.45</Amt><CdtDbtInd>CRDT</CdtDbtInd><BkTxCd><Domn><Cd>PMNT</Cd><Fmly><Cd>RCDT</Cd><SubFmlyCd>ATXN</SubFmlyCd></Fmly></Domn></BkTxCd><RltdPties><Dbtr><Nm>CONCARDIS GMBH</Nm><PstlAdr><AdrLine>HELFMANN PARK 7 DE 65760 ESCHBORN</AdrLine></PstlAdr></Dbtr><DbtrAcct><Id><IBAN>CH830023023065770601M</IBAN></Id></DbtrAcct><CdtrAcct><Id><IBAN>CH9209000000414939852</IBAN></Id></CdtrAcct></RltdPties><RltdAgts><DbtrAgt><FinInstnId><ClrSysMmbId><MmbId>230</MmbId></ClrSysMmbId><Nm>UBS Switzerland AG</Nm><PstlAdr><AdrLine>Bahnhofstrasse 45</AdrLine><AdrLine>8098 Zürich</AdrLine></PstlAdr></FinInstnId></DbtrAgt></RltdAgts><RmtInf><Ustrd>/ROC/CONCA00000004548 MC:DAT19.10.2</Ustrd><Ustrd>2:ZAHL-NR000032: BRUTTO185,08:KOM2,</Ustrd><Ustrd>63:VP156581201: FIL:TRX4 </Ustrd><Strd><AddtlRmtInf>?REJECT?0</AddtlRmtInf><AddtlRmtInf>?ERROR?000</AddtlRmtInf></Strd></RmtInf><RltdDts><AccptncDtTm>2022-10-31T20:00:00</AccptncDtTm></RltdDts></TxDtls></NtryDtls><AddtlNtryInf>GUTSCHRIFT AUFTRAGGEBER: CONCARDIS GMBH HELFMANN PARK 7 DE 65760 ESCHBORN MITTEILUNGEN: /ROC/CONCA00000004548 MC:DAT19.10.2 2:ZAHL-NR000032: BRUTTO185,08:KOM2, 63:VP156581201: FIL:TRX4  SPESENBETRAG 0.00 CHF SHA REFERENZEN: CONCA00000004548 9901804E65714951 221031CH09ENA1RX</AddtlNtryInf></Ntry><Ntry><NtryRef>CH9209000000414939852</NtryRef><Amt Ccy="CHF">100.28</Amt><CdtDbtInd>CRDT</CdtDbtInd><RvslInd>false</RvslInd><Sts>BOOK</Sts><BookgDt><Dt>2022-10-31</Dt></BookgDt><ValDt><Dt>2022-10-31</Dt></ValDt><AcctSvcrRef>304220109ENA0U8K</AcctSvcrRef><BkTxCd><Domn><Cd>PMNT</Cd><Fmly><Cd>RCDT</Cd><SubFmlyCd>ATXN</SubFmlyCd></Fmly></Domn></BkTxCd><NtryDtls><Btch><NbOfTxs>1</NbOfTxs></Btch><TxDtls><Refs><AcctSvcrRef>221031CH09ENA0U8</AcctSvcrRef><InstrId>9901804E65714997</InstrId><EndToEndId>CONCA00000004594</EndToEndId><Prtry><Tp>00</Tp><Ref>221031CH09ENA0U8</Ref></Prtry></Refs><Amt Ccy="CHF">100.28</Amt><CdtDbtInd>CRDT</CdtDbtInd><BkTxCd><Domn><Cd>PMNT</Cd><Fmly><Cd>RCDT</Cd><SubFmlyCd>ATXN</SubFmlyCd></Fmly></Domn></BkTxCd><RltdPties><Dbtr><Nm>CONCARDIS GMBH</Nm><PstlAdr><AdrLine>HELFMANN PARK 7 DE 65760 ESCHBORN</AdrLine></PstlAdr></Dbtr><DbtrAcct><Id><IBAN>CH830023023065770601M</IBAN></Id></DbtrAcct><CdtrAcct><Id><IBAN>CH9209000000414939852</IBAN></Id></CdtrAcct></RltdPties><RltdAgts><DbtrAgt><FinInstnId><ClrSysMmbId><MmbId>230</MmbId></ClrSysMmbId><Nm>UBS Switzerland AG</Nm><PstlAdr><AdrLine>Bahnhofstrasse 45</AdrLine><AdrLine>8098 Zürich</AdrLine></PstlAdr></FinInstnId></DbtrAgt></RltdAgts><RmtInf><Ustrd>/ROC/CONCA00000004594 MC:DAT19.10.2</Ustrd><Ustrd>2:ZAHL-NR000004: BRUTTO101,80:KOM1,</Ustrd><Ustrd>52:VP156589487: FIL:TRX3 </Ustrd><Strd><AddtlRmtInf>?REJECT?0</AddtlRmtInf><AddtlRmtInf>?ERROR?000</AddtlRmtInf></Strd></RmtInf><RltdDts><AccptncDtTm>2022-10-31T20:00:00</AccptncDtTm></RltdDts></TxDtls></NtryDtls><AddtlNtryInf>GUTSCHRIFT AUFTRAGGEBER: CONCARDIS GMBH HELFMANN PARK 7 DE 65760 ESCHBORN MITTEILUNGEN: /ROC/CONCA00000004594 MC:DAT19.10.2 2:ZAHL-NR000004: BRUTTO101,80:KOM1, 52:VP156589487: FIL:TRX3  SPESENBETRAG 0.00 CHF SHA REFERENZEN: CONCA00000004594 9901804E65714997 221031CH09ENA0U8</AddtlNtryInf></Ntry><Ntry><NtryRef>CH9209000000414939852</NtryRef><Amt Ccy="CHF">60.15</Amt><CdtDbtInd>CRDT</CdtDbtInd><RvslInd>false</RvslInd><Sts>BOOK</Sts><BookgDt><Dt>2022-10-31</Dt></BookgDt><ValDt><Dt>2022-10-31</Dt></ValDt><AcctSvcrRef>304220109ENA963K</AcctSvcrRef><BkTxCd><Domn><Cd>PMNT</Cd><Fmly><Cd>RCDT</Cd><SubFmlyCd>ATXN</SubFmlyCd></Fmly></Domn></BkTxCd><NtryDtls><Btch><NbOfTxs>1</NbOfTxs></Btch><TxDtls><Refs><AcctSvcrRef>221031CH09ENA963</AcctSvcrRef><InstrId>9901804E65714992</InstrId><EndToEndId>CONCA00000004589</EndToEndId><Prtry><Tp>00</Tp><Ref>221031CH09ENA963</Ref></Prtry></Refs><Amt Ccy="CHF">60.15</Amt><CdtDbtInd>CRDT</CdtDbtInd><BkTxCd><Domn><Cd>PMNT</Cd><Fmly><Cd>RCDT</Cd><SubFmlyCd>ATXN</SubFmlyCd></Fmly></Domn></BkTxCd><RltdPties><Dbtr><Nm>CONCARDIS GMBH</Nm><PstlAdr><AdrLine>HELFMANN PARK 7 DE 65760 ESCHBORN</AdrLine></PstlAdr></Dbtr><DbtrAcct><Id><IBAN>CH830023023065770601M</IBAN></Id></DbtrAcct><CdtrAcct><Id><IBAN>CH9209000000414939852</IBAN></Id></CdtrAcct></RltdPties><RltdAgts><DbtrAgt><FinInstnId><ClrSysMmbId><MmbId>230</MmbId></ClrSysMmbId><Nm>UBS Switzerland AG</Nm><PstlAdr><AdrLine>Bahnhofstrasse 45</AdrLine><AdrLine>8098 Zürich</AdrLine></PstlAdr></FinInstnId></DbtrAgt></RltdAgts><RmtInf><Ustrd>/ROC/CONCA00000004589 MC:DAT19.10.2</Ustrd><Ustrd>2:ZAHL-NR000015: BRUTTO61,04:KOM0,8</Ustrd><Ustrd>9:VP156589289: FIL:TRX2 </Ustrd><Strd><AddtlRmtInf>?REJECT?0</AddtlRmtInf><AddtlRmtInf>?ERROR?000</AddtlRmtInf></Strd></RmtInf><RltdDts><AccptncDtTm>2022-10-31T20:00:00</AccptncDtTm></RltdDts></TxDtls></NtryDtls><AddtlNtryInf>GUTSCHRIFT AUFTRAGGEBER: CONCARDIS GMBH HELFMANN PARK 7 DE 65760 ESCHBORN MITTEILUNGEN: /ROC/CONCA00000004589 MC:DAT19.10.2 2:ZAHL-NR000015: BRUTTO61,04:KOM0,8 9:VP156589289: FIL:TRX2  SPESENBETRAG 0.00 CHF SHA REFERENZEN: CONCA00000004589 9901804E65714992 221031CH09ENA963</AddtlNtryInf></Ntry><Ntry><NtryRef>CH9209000000414939852</NtryRef><Amt Ccy="CHF">120.43</Amt><CdtDbtInd>CRDT</CdtDbtInd><RvslInd>false</RvslInd><Sts>BOOK</Sts><BookgDt><Dt>2022-10-31</Dt></BookgDt><ValDt><Dt>2022-10-31</Dt></ValDt><AcctSvcrRef>304220109ENA0YYK</AcctSvcrRef><BkTxCd><Domn><Cd>PMNT</Cd><Fmly><Cd>RCDT</Cd><SubFmlyCd>ATXN</SubFmlyCd></Fmly></Domn></BkTxCd><NtryDtls><Btch><NbOfTxs>1</NbOfTxs></Btch><TxDtls><Refs><AcctSvcrRef>221031CH09ENA0YY</AcctSvcrRef><InstrId>9901804E65714993</InstrId><EndToEndId>CONCA00000004590</EndToEndId><Prtry><Tp>00</Tp><Ref>221031CH09ENA0YY</Ref></Prtry></Refs><Amt Ccy="CHF">120.43</Amt><CdtDbtInd>CRDT</CdtDbtInd><BkTxCd><Domn><Cd>PMNT</Cd><Fmly><Cd>RCDT</Cd><SubFmlyCd>ATXN</SubFmlyCd></Fmly></Domn></BkTxCd><RltdPties><Dbtr><Nm>CONCARDIS GMBH</Nm><PstlAdr><AdrLine>HELFMANN PARK 7 DE 65760 ESCHBORN</AdrLine></PstlAdr></Dbtr><DbtrAcct><Id><IBAN>CH830023023065770601M</IBAN></Id></DbtrAcct><CdtrAcct><Id><IBAN>CH9209000000414939852</IBAN></Id></CdtrAcct></RltdPties><RltdAgts><DbtrAgt><FinInstnId><ClrSysMmbId><MmbId>230</MmbId></ClrSysMmbId><Nm>UBS Switzerland AG</Nm><PstlAdr><AdrLine>Bahnhofstrasse 45</AdrLine><AdrLine>8098 Zürich</AdrLine></PstlAdr></FinInstnId></DbtrAgt></RltdAgts><RmtInf><Ustrd>/ROC/CONCA00000004590 MC:DAT19.10.2</Ustrd><Ustrd>2:ZAHL-NR000030: BRUTTO122,18:KOM1,</Ustrd><Ustrd>75:VP156589312: FIL:TRX2 </Ustrd><Strd><AddtlRmtInf>?REJECT?0</AddtlRmtInf><AddtlRmtInf>?ERROR?000</AddtlRmtInf></Strd></RmtInf><RltdDts><AccptncDtTm>2022-10-31T20:00:00</AccptncDtTm></RltdDts></TxDtls></NtryDtls><AddtlNtryInf>GUTSCHRIFT AUFTRAGGEBER: CONCARDIS GMBH HELFMANN PARK 7 DE 65760 ESCHBORN MITTEILUNGEN: /ROC/CONCA00000004590 MC:DAT19.10.2 2:ZAHL-NR000030: BRUTTO122,18:KOM1, 75:VP156589312: FIL:TRX2  SPESENBETRAG 0.00 CHF SHA REFERENZEN: CONCA00000004590 9901804E65714993 221031CH09ENA0YY</AddtlNtryInf></Ntry><Ntry><NtryRef>CH9209000000414939852</NtryRef><Amt Ccy="CHF">30.00</Amt><CdtDbtInd>CRDT</CdtDbtInd><RvslInd>false</RvslInd><Sts>BOOK</Sts><BookgDt><Dt>2022-10-31</Dt></BookgDt><ValDt><Dt>2022-10-31</Dt></ValDt><AcctSvcrRef>304220109ENAA0RK</AcctSvcrRef><BkTxCd><Domn><Cd>PMNT</Cd><Fmly><Cd>RCDT</Cd><SubFmlyCd>ATXN</SubFmlyCd></Fmly></Domn></BkTxCd><NtryDtls><Btch><NbOfTxs>1</NbOfTxs></Btch><TxDtls><Refs><AcctSvcrRef>221031CH09ENAA0R</AcctSvcrRef><InstrId>9901804E65714996</InstrId><EndToEndId>CONCA00000004593</EndToEndId><Prtry><Tp>00</Tp><Ref>221031CH09ENAA0R</Ref></Prtry></Refs><Amt Ccy="CHF">30.00</Amt><CdtDbtInd>CRDT</CdtDbtInd><BkTxCd><Domn><Cd>PMNT</Cd><Fmly><Cd>RCDT</Cd><SubFmlyCd>ATXN</SubFmlyCd></Fmly></Domn></BkTxCd><RltdPties><Dbtr><Nm>CONCARDIS GMBH</Nm><PstlAdr><AdrLine>HELFMANN PARK 7 DE 65760 ESCHBORN</AdrLine></PstlAdr></Dbtr><DbtrAcct><Id><IBAN>CH830023023065770601M</IBAN></Id></DbtrAcct><CdtrAcct><Id><IBAN>CH9209000000414939852</IBAN></Id></CdtrAcct></RltdPties><RltdAgts><DbtrAgt><FinInstnId><ClrSysMmbId><MmbId>230</MmbId></ClrSysMmbId><Nm>UBS Switzerland AG</Nm><PstlAdr><AdrLine>Bahnhofstrasse 45</AdrLine><AdrLine>8098 Zürich</AdrLine></PstlAdr></FinInstnId></DbtrAgt></RltdAgts><RmtInf><Ustrd>/ROC/CONCA00000004593 MC:DAT19.10.2</Ustrd><Ustrd>2:ZAHL-NR000011: BRUTTO30,46:KOM0,4</Ustrd><Ustrd>6:VP156589388: FIL:TRX2 </Ustrd><Strd><AddtlRmtInf>?REJECT?0</AddtlRmtInf><AddtlRmtInf>?ERROR?000</AddtlRmtInf></Strd></RmtInf><RltdDts><AccptncDtTm>2022-10-31T20:00:00</AccptncDtTm></RltdDts></TxDtls></NtryDtls><AddtlNtryInf>GUTSCHRIFT AUFTRAGGEBER: CONCARDIS GMBH HELFMANN PARK 7 DE 65760 ESCHBORN MITTEILUNGEN: /ROC/CONCA00000004593 MC:DAT19.10.2 2:ZAHL-NR000011: BRUTTO30,46:KOM0,4 6:VP156589388: FIL:TRX2  SPESENBETRAG 0.00 CHF SHA REFERENZEN: CONCA00000004593 9901804E65714996 221031CH09ENAA0R</AddtlNtryInf></Ntry><Ntry><NtryRef>CH9209000000414939852</NtryRef><Amt Ccy="CHF">307.78</Amt><CdtDbtInd>CRDT</CdtDbtInd><RvslInd>false</RvslInd><Sts>BOOK</Sts><BookgDt><Dt>2022-10-31</Dt></BookgDt><ValDt><Dt>2022-10-31</Dt></ValDt><AcctSvcrRef>304220109ENA3RAK</AcctSvcrRef><BkTxCd><Domn><Cd>PMNT</Cd><Fmly><Cd>RCDT</Cd><SubFmlyCd>ATXN</SubFmlyCd></Fmly></Domn></BkTxCd><NtryDtls><Btch><NbOfTxs>1</NbOfTxs></Btch><TxDtls><Refs><AcctSvcrRef>221031CH09ENA3RA</AcctSvcrRef><InstrId>9901804E65714995</InstrId><EndToEndId>CONCA00000004592</EndToEndId><Prtry><Tp>00</Tp><Ref>221031CH09ENA3RA</Ref></Prtry></Refs><Amt Ccy="CHF">307.78</Amt><CdtDbtInd>CRDT</CdtDbtInd><BkTxCd><Domn><Cd>PMNT</Cd><Fmly><Cd>RCDT</Cd><SubFmlyCd>ATXN</SubFmlyCd></Fmly></Domn></BkTxCd><RltdPties><Dbtr><Nm>CONCARDIS GMBH</Nm><PstlAdr><AdrLine>HELFMANN PARK 7 DE 65760 ESCHBORN</AdrLine></PstlAdr></Dbtr><DbtrAcct><Id><IBAN>CH830023023065770601M</IBAN></Id></DbtrAcct><CdtrAcct><Id><IBAN>CH9209000000414939852</IBAN></Id></CdtrAcct></RltdPties><RltdAgts><DbtrAgt><FinInstnId><ClrSysMmbId><MmbId>230</MmbId></ClrSysMmbId><Nm>UBS Switzerland AG</Nm><PstlAdr><AdrLine>Bahnhofstrasse 45</AdrLine><AdrLine>8098 Zürich</AdrLine></PstlAdr></FinInstnId></DbtrAgt></RltdAgts><RmtInf><Ustrd>/ROC/CONCA00000004592 MC:DAT19.10.2</Ustrd><Ustrd>2:ZAHL-NR000026: BRUTTO312,26:KOM4,</Ustrd><Ustrd>48:VP156589362: FIL:TRX4 </Ustrd><Strd><AddtlRmtInf>?REJECT?0</AddtlRmtInf><AddtlRmtInf>?ERROR?000</AddtlRmtInf></Strd></RmtInf><RltdDts><AccptncDtTm>2022-10-31T20:00:00</AccptncDtTm></RltdDts></TxDtls></NtryDtls><AddtlNtryInf>GUTSCHRIFT AUFTRAGGEBER: CONCARDIS GMBH HELFMANN PARK 7 DE 65760 ESCHBORN MITTEILUNGEN: /ROC/CONCA00000004592 MC:DAT19.10.2 2:ZAHL-NR000026: BRUTTO312,26:KOM4, 48:VP156589362: FIL:TRX4  SPESENBETRAG 0.00 CHF SHA REFERENZEN: CONCA00000004592 9901804E65714995 221031CH09ENA3RA</AddtlNtryInf></Ntry><Ntry><Amt Ccy="CHF">5017.68</Amt><CdtDbtInd>DBIT</CdtDbtInd><RvslInd>false</RvslInd><Sts>BOOK</Sts><BookgDt><Dt>2022-10-31</Dt></BookgDt><ValDt><Dt>2022-10-31</Dt></ValDt><AcctSvcrRef>304220009EHE3OPK</AcctSvcrRef><BkTxCd><Domn><Cd>PMNT</Cd><Fmly><Cd>ICDT</Cd><SubFmlyCd>ESCT</SubFmlyCd></Fmly></Domn></BkTxCd><NtryDtls><TxDtls><Refs><AcctSvcrRef>25-687986356-1</AcctSvcrRef><PmtInfId>25:687986356</PmtInfId><InstrId>20221031000800101564762</InstrId></Refs><Amt Ccy="CHF">5017.68</Amt><CdtDbtInd>DBIT</CdtDbtInd><AmtDtls><InstdAmt><Amt Ccy="EUR">4987.26</Amt><CcyXchg><SrcCcy>EUR</SrcCcy><XchgRate>1.0061</XchgRate></CcyXchg></InstdAmt></AmtDtls><BkTxCd><Domn><Cd>PMNT</Cd><Fmly><Cd>ICDT</Cd><SubFmlyCd>ESCT</SubFmlyCd></Fmly></Domn></BkTxCd><RltdPties><Cdtr><Nm>Dongguan LED Electronics Co., Ltd.</Nm><PstlAdr><Ctry>LU</Ctry><AdrLine>9, rue du Laboratoire 1911 Luxembourg</AdrLine></PstlAdr></Cdtr><CdtrAcct><Id><IBAN>LU510670005068736900</IBAN></Id></CdtrAcct></RltdPties><RltdAgts><CdtrAgt><FinInstnId><BICFI>CHASLULXXXX</BICFI><Nm>J.P. MORGAN SE - LUXEMBOURG BRANCH</Nm><PstlAdr><Ctry>LU</Ctry><AdrLine>6 ROUTE DE TREVES L-2663 SENNINGERBERG</AdrLine></PstlAdr></FinInstnId></CdtrAgt></RltdAgts><RmtInf><Ustrd>153753299001022575</Ustrd><Strd><AddtlRmtInf>HW Happysmell Alibaba 2/2</AddtlRmtInf></Strd></RmtInf></TxDtls></NtryDtls><AddtlNtryInf>GIRO INTERNATIONAL (SEPA) EUR 4'987.26 ZUM KURS VON 1.0061 J.P. MORGAN SE - LUXEMBOURG BRANCH 6 ROUTE DE TREVES L-2663 SENNINGERBERG LU510670005068736900 DONGGUAN LED ELECTRONICS CO., LTD. 9, RUE DU LABORATOIRE 1911 LUXEMBOURG SENDER REFERENZ: HW HAPPYSMELL ALIBABA 2/2 20221031000800101564762</AddtlNtryInf></Ntry><Ntry><Amt Ccy="CHF">2165.07</Amt><CdtDbtInd>DBIT</CdtDbtInd><RvslInd>false</RvslInd><Sts>BOOK</Sts><BookgDt><Dt>2022-10-31</Dt></BookgDt><ValDt><Dt>2022-10-31</Dt></ValDt><AcctSvcrRef>304220009EJNJM5K</AcctSvcrRef><BkTxCd><Domn><Cd>PMNT</Cd><Fmly><Cd>ICDT</Cd><SubFmlyCd>ESCT</SubFmlyCd></Fmly></Domn></BkTxCd><NtryDtls><TxDtls><Refs><AcctSvcrRef>25-687998663-1</AcctSvcrRef><PmtInfId>25:687998663</PmtInfId><InstrId>20221031000800101912651</InstrId></Refs><Amt Ccy="CHF">2165.07</Amt><CdtDbtInd>DBIT</CdtDbtInd><AmtDtls><InstdAmt><Amt Ccy="EUR">2154.30</Amt><CcyXchg><SrcCcy>EUR</SrcCcy><XchgRate>1.005</XchgRate></CcyXchg></InstdAmt></AmtDtls><BkTxCd><Domn><Cd>PMNT</Cd><Fmly><Cd>ICDT</Cd><SubFmlyCd>ESCT</SubFmlyCd></Fmly></Domn></BkTxCd><RltdPties><Cdtr><Nm>ZANE FOODS SUPPLEMENTS IKE</Nm><PstlAdr><StrtNm>Filippoupoleos str</StrtNm><BldgNb>46</BldgNb><PstCd>61100</PstCd><TwnNm>Kilkis</TwnNm><Ctry>GR</Ctry></PstlAdr></Cdtr><CdtrAcct><Id><IBAN>GR4201408800880002002015788</IBAN></Id></CdtrAcct></RltdPties><RltdAgts><CdtrAgt><FinInstnId><BICFI>CRBAGRAAXXX</BICFI><Nm>ALPHA BANK SA</Nm><PstlAdr><Ctry>GR</Ctry><AdrLine>40 STADIOU STR 102 52 ATHENS</AdrLine></PstlAdr></FinInstnId></CdtrAgt></RltdAgts><RmtInf><Ustrd>1025 / 24/10/22</Ustrd><Strd><AddtlRmtInf>Zane Helllas, Nail + Gels</AddtlRmtInf></Strd></RmtInf></TxDtls></NtryDtls><AddtlNtryInf>GIRO INTERNATIONAL (SEPA) EUR 2'154.30 ZUM KURS VON 1.005 ALPHA BANK SA 40 STADIOU STR 102 52 ATHENS GR4201408800880002002015788 ZANE FOODS SUPPLEMENTS IKE FILIPPOUPOLEOS STR 46 61100 KILKIS SENDER REFERENZ: ZANE HELLLAS, NAIL + GELS 20221031000800101912651</AddtlNtryInf></Ntry><Ntry><NtryRef>CH4330000001414939852</NtryRef><Amt Ccy="CHF">13655.42</Amt><CdtDbtInd>CRDT</CdtDbtInd><RvslInd>false</RvslInd><Sts>BOOK</Sts><BookgDt><Dt>2022-10-31</Dt></BookgDt><ValDt><Dt>2022-10-31</Dt></ValDt><AcctSvcrRef>304220009EQMCUGU</AcctSvcrRef><BkTxCd><Domn><Cd>PMNT</Cd><Fmly><Cd>RCDT</Cd><SubFmlyCd>VCOM</SubFmlyCd></Fmly></Domn></BkTxCd><Chrgs><TtlChrgsAndTaxAmt Ccy="CHF">10.44</TtlChrgsAndTaxAmt><Rcrd><Amt Ccy="CHF">9.60</Amt><CdtDbtInd>DBIT</CdtDbtInd><ChrgInclInd>false</ChrgInclInd><Tp><Prtry><Id>2</Id></Prtry></Tp></Rcrd><Rcrd><Amt Ccy="CHF">0.80</Amt><CdtDbtInd>DBIT</CdtDbtInd><ChrgInclInd>false</ChrgInclInd><Tp><Prtry><Id>5</Id></Prtry></Tp></Rcrd><Rcrd><Amt Ccy="CHF">0.04</Amt><CdtDbtInd>DBIT</CdtDbtInd><ChrgInclInd>false</ChrgInclInd><Tp><Prtry><Id>4</Id></Prtry></Tp></Rcrd></Chrgs><NtryDtls><TxDtls><Refs><AcctSvcrRef>304220009EQMCUGU</AcctSvcrRef></Refs><Amt Ccy="CHF">13655.42</Amt><CdtDbtInd>CRDT</CdtDbtInd></TxDtls></NtryDtls><AddtlNtryInf>SAMMELGUTSCHRIFT FÜR KONTO: CH4330000001414939852 VERARBEITUNG VOM 31.10.2022 PAKET ID: 221031CH000009PQ</AddtlNtryInf></Ntry><Ntry><NtryRef>CH9530000002414939852</NtryRef><Amt Ccy="CHF">399.50</Amt><CdtDbtInd>CRDT</CdtDbtInd><RvslInd>false</RvslInd><Sts>BOOK</Sts><BookgDt><Dt>2022-10-31</Dt></BookgDt><ValDt><Dt>2022-10-31</Dt></ValDt><AcctSvcrRef>304220009EQNLZBU</AcctSvcrRef><BkTxCd><Domn><Cd>PMNT</Cd><Fmly><Cd>RCDT</Cd><SubFmlyCd>VCOM</SubFmlyCd></Fmly></Domn></BkTxCd><NtryDtls><TxDtls><Refs><AcctSvcrRef>304220009EQNLZBU</AcctSvcrRef></Refs><Amt Ccy="CHF">399.50</Amt><CdtDbtInd>CRDT</CdtDbtInd></TxDtls></NtryDtls><AddtlNtryInf>SAMMELGUTSCHRIFT FÜR KONTO: CH9530000002414939852 VERARBEITUNG VOM 31.10.2022 PAKET ID: 221031CH00000FVJ</AddtlNtryInf></Ntry><Ntry><Amt Ccy="CHF">149.00</Amt><CdtDbtInd>CRDT</CdtDbtInd><RvslInd>false</RvslInd><Sts>BOOK</Sts><BookgDt><Dt>2022-10-31</Dt></BookgDt><ValDt><Dt>2022-10-31</Dt></ValDt><AcctSvcrRef>3042400299285952</AcctSvcrRef><BkTxCd><Domn><Cd>PMNT</Cd><Fmly><Cd>MCRD</Cd><SubFmlyCd>POSP</SubFmlyCd></Fmly></Domn></BkTxCd><NtryDtls><TxDtls><Refs><AcctSvcrRef>3042400299285952</AcctSvcrRef></Refs><Amt Ccy="CHF">149.00</Amt><CdtDbtInd>CRDT</CdtDbtInd></TxDtls></NtryDtls><AddtlNtryInf>GUTSCHRIFT E-PAYMENT-TRANSAKTIONEN POSTFINANCE CARD EINLIEFERUNG VOM 30.10.2022 EVERSMART PRODUCTS HANDELS GMBH PFAQ093I0000001 RELAXONIC.CH</AddtlNtryInf></Ntry></Stmt></BkToCstmrStmt></Document>
