<?xml version="1.0" encoding="UTF-8"?>
<Document xmlns="urn:iso:std:iso:20022:tech:xsd:camt.053.001.04" xmlns:xsi="http://www.w3.org/2001/XMLSchema-instance" xsi:schemaLocation="urn:iso:std:iso:20022:tech:xsd:camt.053.001.04 camt.053.001.04.xsd"><BkToCstmrStmt><GrpHdr><MsgId>20220601375204852387706</MsgId><CreDtTm>2022-06-02T01:43:37</CreDtTm><MsgPgntn><PgNb>1</PgNb><LastPgInd>true</LastPgInd></MsgPgntn><AddtlInf>SPS/1.7/PROD</AddtlInf></GrpHdr><Stmt><Id>20220601375204852387751</Id><ElctrncSeqNb>106</ElctrncSeqNb><CreDtTm>2022-06-02T01:43:37</CreDtTm><FrToDt><FrDtTm>2022-06-01T00:00:00</FrDtTm><ToDtTm>2022-06-01T23:59:59</ToDtTm></FrToDt><Acct><Id><IBAN>CH9209000000414939852</IBAN></Id><Ownr><Nm>eversmart products Handels GmbH Pfäffikon SZ</Nm></Ownr></Acct><Bal><Tp><CdOrPrtry><Cd>OPBD</Cd></CdOrPrtry></Tp><Amt Ccy="CHF">53872.25</Amt><CdtDbtInd>CRDT</CdtDbtInd><Dt><Dt>2022-06-01</Dt></Dt></Bal><Bal><Tp><CdOrPrtry><Cd>CLBD</Cd></CdOrPrtry></Tp><Amt Ccy="CHF">41179.60</Amt><CdtDbtInd>CRDT</CdtDbtInd><Dt><Dt>2022-06-01</Dt></Dt></Bal><Bal><Tp><CdOrPrtry><Cd>CLAV</Cd></CdOrPrtry></Tp><Amt Ccy="CHF">41179.60</Amt><CdtDbtInd>CRDT</CdtDbtInd><Dt><Dt>2022-06-01</Dt></Dt></Bal><Ntry><Amt Ccy="CHF">6249.80</Amt><CdtDbtInd>DBIT</CdtDbtInd><RvslInd>false</RvslInd><Sts>BOOK</Sts><BookgDt><Dt>2022-06-01</Dt></BookgDt><ValDt><Dt>2022-06-01</Dt></ValDt><AcctSvcrRef>152220008RH0Y0PK</AcctSvcrRef><BkTxCd><Domn><Cd>PMNT</Cd><Fmly><Cd>ICDT</Cd><SubFmlyCd>DMCT</SubFmlyCd></Fmly></Domn></BkTxCd><NtryDtls><TxDtls><Refs><AcctSvcrRef>25-595997111-1</AcctSvcrRef><PmtInfId>25:595997111</PmtInfId><InstrId>20220531000800563289026</InstrId></Refs><Amt Ccy="CHF">6249.80</Amt><CdtDbtInd>DBIT</CdtDbtInd><BkTxCd><Domn><Cd>PMNT</Cd><Fmly><Cd>ICDT</Cd><SubFmlyCd>DMCT</SubFmlyCd></Fmly></Domn></BkTxCd><RltdPties><Cdtr><Nm>Timo Miczek</Nm><PstlAdr><Ctry>CH</Ctry><AdrLine>Schindellegistrasse 65 8808 Pfäffikon</AdrLine></PstlAdr></Cdtr><CdtrAcct><Id><IBAN>CH2981479000001234792</IBAN></Id></CdtrAcct></RltdPties><RltdAgts><CdtrAgt><FinInstnId><BICFI>RAIFCH22E79</BICFI><Nm>Raiffeisenbank Weinland</Nm><PstlAdr><Ctry>CH</Ctry><AdrLine>Thurtalstrasse 4</AdrLine><AdrLine>8450 Andelfingen</AdrLine></PstlAdr></FinInstnId></CdtrAgt></RltdAgts><RmtInf><Ustrd>Lohn Mai 2022</Ustrd></RmtInf></TxDtls></NtryDtls><AddtlNtryInf>LASTSCHRIFT Raiffeisenbank Weinland Thurtalstrasse 4 8450 Andelfingen CH2981479000001234792 Timo Miczek Schindellegistrasse 65 8808 Pfäffikon SENDER REFERENZ: 20220531000800563289026</AddtlNtryInf></Ntry><Ntry><Amt Ccy="CHF">57.86</Amt><CdtDbtInd>CRDT</CdtDbtInd><RvslInd>false</RvslInd><Sts>BOOK</Sts><BookgDt><Dt>2022-06-01</Dt></BookgDt><ValDt><Dt>2022-06-01</Dt></ValDt><AcctSvcrRef>152220108ROKZEDK</AcctSvcrRef><BkTxCd><Domn><Cd>PMNT</Cd><Fmly><Cd>RCDT</Cd><SubFmlyCd>ATXN</SubFmlyCd></Fmly></Domn></BkTxCd><NtryDtls><Btch><NbOfTxs>1</NbOfTxs></Btch><TxDtls><Refs><AcctSvcrRef>220601CH08ROKZED</AcctSvcrRef><InstrId>LON03228330382</InstrId><EndToEndId>NOTPROVIDED</EndToEndId><Prtry><Tp>00</Tp><Ref>220601CH08ROKZED</Ref></Prtry></Refs><Amt Ccy="CHF">57.86</Amt><CdtDbtInd>CRDT</CdtDbtInd><BkTxCd><Domn><Cd>PMNT</Cd><Fmly><Cd>RCDT</Cd><SubFmlyCd>ATXN</SubFmlyCd></Fmly></Domn></BkTxCd><RltdPties><Dbtr><Nm>STRIPE PAYMENTS UK LTD</Nm><PstlAdr><AdrLine>9TH FLOOR, 107 CHEAPSIDE GB - LONDO</AdrLine><AdrLine>N EC2V 6DN</AdrLine></PstlAdr></Dbtr><DbtrAcct><Id><IBAN>DK6289000000010375</IBAN></Id></DbtrAcct><CdtrAcct><Id><IBAN>CH9209000000414939852</IBAN></Id></CdtrAcct></RltdPties><RltdAgts><DbtrAgt><FinInstnId><BICFI>CITIGB2LXXX</BICFI><Nm>CITIBANK N.A.</Nm><PstlAdr><AdrLine>CITIBANK CENTRE25 CANADA SQUARE</AdrLine><AdrLine>E14 5LB LONDON</AdrLine></PstlAdr></FinInstnId></DbtrAgt></RltdAgts><RmtInf><Ustrd>STRIPE M8A2E6</Ustrd><Strd><AddtlRmtInf>?REJECT?0</AddtlRmtInf><AddtlRmtInf>?ERROR?000</AddtlRmtInf></Strd></RmtInf><RltdDts><AccptncDtTm>2022-06-01T20:00:00</AccptncDtTm></RltdDts></TxDtls></NtryDtls><AddtlNtryInf>GUTSCHRIFT AUFTRAGGEBER: STRIPE PAYMENTS UK LTD 9TH FLOOR, 107 CHEAPSIDE GB - LONDO N EC2V 6DN MITTEILUNGEN: STRIPE M8A2E6 SPESENBETRAG 0.00 CHF SHA REFERENZEN: NOTPROVIDED LON03228330382 220601CH08ROKZED</AddtlNtryInf></Ntry><Ntry><Amt Ccy="CHF">4788.49</Amt><CdtDbtInd>DBIT</CdtDbtInd><RvslInd>false</RvslInd><Sts>BOOK</Sts><BookgDt><Dt>2022-06-01</Dt></BookgDt><ValDt><Dt>2022-06-01</Dt></ValDt><AcctSvcrRef>152220008R31U50K</AcctSvcrRef><BkTxCd><Domn><Cd>PMNT</Cd><Fmly><Cd>ICDT</Cd><SubFmlyCd>ESCT</SubFmlyCd></Fmly></Domn></BkTxCd><NtryDtls><TxDtls><Refs><AcctSvcrRef>25-594487192-1</AcctSvcrRef><PmtInfId>25:594487192</PmtInfId><InstrId>20220530000800529344049</InstrId></Refs><Amt Ccy="CHF">4788.49</Amt><CdtDbtInd>DBIT</CdtDbtInd><AmtDtls><InstdAmt><Amt Ccy="EUR">4593.28</Amt><CcyXchg><SrcCcy>EUR</SrcCcy><XchgRate>1.0425</XchgRate></CcyXchg></InstdAmt></AmtDtls><BkTxCd><Domn><Cd>PMNT</Cd><Fmly><Cd>ICDT</Cd><SubFmlyCd>ESCT</SubFmlyCd></Fmly></Domn></BkTxCd><RltdPties><Cdtr><Nm>Hubei Huangtai Electronic Technolog</Nm><PstlAdr><Ctry>LU</Ctry><AdrLine>9, rue du Laboratoire, 1911 Luxembourg</AdrLine></PstlAdr></Cdtr><CdtrAcct><Id><IBAN>LU050670005087592103</IBAN></Id></CdtrAcct></RltdPties><RltdAgts><CdtrAgt><FinInstnId><BICFI>CHASLULXXXX</BICFI><Nm>J.P. MORGAN SE - LUXEMBOURG BRANCH</Nm><PstlAdr><Ctry>LU</Ctry><AdrLine>6 ROUTE DE TREVES L-2663 SENNINGERBERG</AdrLine></PstlAdr></FinInstnId></CdtrAgt></RltdAgts><RmtInf><Ustrd>141987370001025691</Ustrd><Strd><AddtlRmtInf>Nacken Massage 102 Stück</AddtlRmtInf></Strd></RmtInf></TxDtls></NtryDtls><AddtlNtryInf>GIRO INTERNATIONAL (SEPA) EUR 4'593.28 ZUM KURS VON 1.0425 J.P. MORGAN SE - LUXEMBOURG BRANCH 6 ROUTE DE TREVES L-2663 SENNINGERBERG LU050670005087592103 Hubei Huangtai Electronic Technolog 9, rue du Laboratoire, 1911 Luxembourg SENDER REFERENZ: Nacken Massage 102 Stück 20220530000800529344049</AddtlNtryInf></Ntry><Ntry><Amt Ccy="CHF">4319.38</Amt><CdtDbtInd>CRDT</CdtDbtInd><RvslInd>false</RvslInd><Sts>BOOK</Sts><BookgDt><Dt>2022-06-01</Dt></BookgDt><ValDt><Dt>2022-06-01</Dt></ValDt><AcctSvcrRef>152220008RDX0B9K</AcctSvcrRef><BkTxCd><Domn><Cd>PMNT</Cd><Fmly><Cd>RCDT</Cd><SubFmlyCd>AUTT</SubFmlyCd></Fmly></Domn></BkTxCd><NtryDtls><Btch><NbOfTxs>1</NbOfTxs></Btch><TxDtls><Refs><MsgId>TWINT20220530-101-Merchant</MsgId><AcctSvcrRef>220531CH08RDX0B9</AcctSvcrRef><PmtInfId>TWINT20220530-101-Merchant-B1</PmtInfId><InstrId>d3f45ab7778849c992a6dd86a5e63333</InstrId><EndToEndId>TWINT20220530-101-Merchant-B1</EndToEndId><Prtry><Tp>00</Tp><Ref>220531CH08RDX0B9</Ref></Prtry></Refs><Amt Ccy="CHF">4319.38</Amt><CdtDbtInd>CRDT</CdtDbtInd><BkTxCd><Domn><Cd>PMNT</Cd><Fmly><Cd>RCDT</Cd><SubFmlyCd>AUTT</SubFmlyCd></Fmly></Domn></BkTxCd><RltdPties><Dbtr><Nm>TWINT Acquiring AG</Nm><PstlAdr><StrtNm>Stauffacherstrasse</StrtNm><BldgNb>41</BldgNb><PstCd>8004</PstCd><TwnNm>Zürich</TwnNm><Ctry>CH</Ctry></PstlAdr></Dbtr><DbtrAcct><Id><IBAN>CH6609000000313087410</IBAN></Id></DbtrAcct><CdtrAcct><Id><IBAN>CH9209000000414939852</IBAN></Id></CdtrAcct></RltdPties><RltdAgts><DbtrAgt><FinInstnId><BICFI>POFICHBEXXX</BICFI><Nm>POSTFINANCE AG</Nm><PstlAdr><AdrLine>MINGERSTRASSE , 20</AdrLine><AdrLine>3030 BERN</AdrLine></PstlAdr></FinInstnId></DbtrAgt></RltdAgts><RmtInf><Ustrd>999999 TWINT TWINT Auszahlungen Pay</Ustrd><Ustrd>out 20220531                       </Ustrd><Ustrd>   Gross: 4376.30 Fees: -56.92</Ustrd><Strd><AddtlRmtInf>?REJECT?0</AddtlRmtInf><AddtlRmtInf>?ERROR?000</AddtlRmtInf></Strd></RmtInf><RltdDts><AccptncDtTm>2022-06-01T20:00:00</AccptncDtTm></RltdDts></TxDtls></NtryDtls><AddtlNtryInf>GUTSCHRIFT CH6609000000313087410 ABSENDER: TWINT Acquiring AG Stauffacherstrasse 41 8004 Zürich MITTEILUNGEN: 999999 TWINT TWINT Auszahlungen Pay out 20220531                           Gross: 4376.30 Fees: -56.92 REFERENZEN: TWINT20220530-101-Merchant-B1</AddtlNtryInf></Ntry><Ntry><Amt Ccy="CHF">11499.43</Amt><CdtDbtInd>DBIT</CdtDbtInd><RvslInd>false</RvslInd><Sts>BOOK</Sts><BookgDt><Dt>2022-06-01</Dt></BookgDt><ValDt><Dt>2022-06-01</Dt></ValDt><AcctSvcrRef>152220008RN211QK</AcctSvcrRef><BkTxCd><Domn><Cd>PMNT</Cd><Fmly><Cd>ICDT</Cd><SubFmlyCd>ESCT</SubFmlyCd></Fmly></Domn></BkTxCd><NtryDtls><TxDtls><Refs><AcctSvcrRef>25-596429736-1</AcctSvcrRef><PmtInfId>25:596429736</PmtInfId><InstrId>20220601000800570568281</InstrId></Refs><Amt Ccy="CHF">11499.43</Amt><CdtDbtInd>DBIT</CdtDbtInd><AmtDtls><InstdAmt><Amt Ccy="EUR">11013.72</Amt><CcyXchg><SrcCcy>EUR</SrcCcy><XchgRate>1.0441</XchgRate></CcyXchg></InstdAmt></AmtDtls><BkTxCd><Domn><Cd>PMNT</Cd><Fmly><Cd>ICDT</Cd><SubFmlyCd>ESCT</SubFmlyCd></Fmly></Domn></BkTxCd><RltdPties><Cdtr><Nm>Shengzhou Shenghua Machinery Techno</Nm><PstlAdr><Ctry>LU</Ctry><AdrLine>9, rue du Laboratoire logy Co., Ltd.</AdrLine><AdrLine>L-1911 Luxembourg</AdrLine></PstlAdr></Cdtr><CdtrAcct><Id><IBAN>LU750670005068619486</IBAN></Id></CdtrAcct></RltdPties><RltdAgts><CdtrAgt><FinInstnId><BICFI>CHASLULXXXX</BICFI><Nm>J.P. MORGAN SE - LUXEMBOURG BRANCH</Nm><PstlAdr><Ctry>LU</Ctry><AdrLine>6 ROUTE DE TREVES L-2663 SENNINGERBERG</AdrLine></PstlAdr></FinInstnId></CdtrAgt></RltdAgts><RmtInf><Ustrd>137275254001022575</Ustrd><Strd><AddtlRmtInf>HW Mein-Stehtisch Restzahlung Zubeh</AddtlRmtInf></Strd></RmtInf></TxDtls></NtryDtls><AddtlNtryInf>GIRO INTERNATIONAL (SEPA) EUR 11'013.72 ZUM KURS VON 1.0441 J.P. MORGAN SE - LUXEMBOURG BRANCH 6 ROUTE DE TREVES L-2663 SENNINGERBERG LU750670005068619486 Shengzhou Shenghua Machinery Techno 9, rue du Laboratoire logy Co., Ltd. L-1911 Luxembourg SENDER REFERENZ: HW Mein-Stehtisch Restzahlung Zubeh 20220601000800570568281</AddtlNtryInf></Ntry><Ntry><NtryRef>CH4330000001414939852</NtryRef><Amt Ccy="CHF">5277.04</Amt><CdtDbtInd>CRDT</CdtDbtInd><RvslInd>false</RvslInd><Sts>BOOK</Sts><BookgDt><Dt>2022-06-01</Dt></BookgDt><ValDt><Dt>2022-06-01</Dt></ValDt><AcctSvcrRef>152220008RU1OKCU</AcctSvcrRef><BkTxCd><Domn><Cd>PMNT</Cd><Fmly><Cd>RCDT</Cd><SubFmlyCd>VCOM</SubFmlyCd></Fmly></Domn></BkTxCd><Chrgs><TtlChrgsAndTaxAmt Ccy="CHF">2.80</TtlChrgsAndTaxAmt><Rcrd><Amt Ccy="CHF">2.80</Amt><CdtDbtInd>DBIT</CdtDbtInd><ChrgInclInd>false</ChrgInclInd><Tp><Prtry><Id>2</Id></Prtry></Tp></Rcrd></Chrgs><NtryDtls><TxDtls><Refs><AcctSvcrRef>152220008RU1OKCU</AcctSvcrRef></Refs><Amt Ccy="CHF">5277.04</Amt><CdtDbtInd>CRDT</CdtDbtInd></TxDtls></NtryDtls><AddtlNtryInf>SAMMELGUTSCHRIFT FÜR KONTO: CH4330000001414939852 VERARBEITUNG VOM 01.06.2022 PAKET ID: 220601CH000008YQ</AddtlNtryInf></Ntry><Ntry><Amt Ccy="CHF">149.00</Amt><CdtDbtInd>CRDT</CdtDbtInd><RvslInd>false</RvslInd><Sts>BOOK</Sts><BookgDt><Dt>2022-06-01</Dt></BookgDt><ValDt><Dt>2022-06-01</Dt></ValDt><AcctSvcrRef>1522400057432077</AcctSvcrRef><BkTxCd><Domn><Cd>PMNT</Cd><Fmly><Cd>MCRD</Cd><SubFmlyCd>POSP</SubFmlyCd></Fmly></Domn></BkTxCd><NtryDtls><TxDtls><Refs><AcctSvcrRef>1522400057432077</AcctSvcrRef></Refs><Amt Ccy="CHF">149.00</Amt><CdtDbtInd>CRDT</CdtDbtInd></TxDtls></NtryDtls><AddtlNtryInf>GUTSCHRIFT E-PAYMENT-TRANSAKTIONEN POSTFINANCE CARD EINLIEFERUNG VOM 31.05.2022 eversmart products Handels GmbH PFAQ08TC0000001 www.mein-stehtisch.ch</AddtlNtryInf></Ntry><Ntry><Amt Ccy="CHF">159.80</Amt><CdtDbtInd>CRDT</CdtDbtInd><RvslInd>false</RvslInd><Sts>BOOK</Sts><BookgDt><Dt>2022-06-01</Dt></BookgDt><ValDt><Dt>2022-06-01</Dt></ValDt><AcctSvcrRef>1522400057432065</AcctSvcrRef><BkTxCd><Domn><Cd>PMNT</Cd><Fmly><Cd>MCRD</Cd><SubFmlyCd>POSP</SubFmlyCd></Fmly></Domn></BkTxCd><NtryDtls><TxDtls><Refs><AcctSvcrRef>1522400057432065</AcctSvcrRef></Refs><Amt Ccy="CHF">159.80</Amt><CdtDbtInd>CRDT</CdtDbtInd></TxDtls></NtryDtls><AddtlNtryInf>GUTSCHRIFT E-PAYMENT-TRANSAKTIONEN POSTFINANCE CARD EINLIEFERUNG VOM 31.05.2022 eversmart products Handels GmbH PFAQ0AXC0000001 https://valgusmed.ch/</AddtlNtryInf></Ntry><Ntry><Amt Ccy="CHF">1.56</Amt><CdtDbtInd>DBIT</CdtDbtInd><RvslInd>false</RvslInd><Sts>BOOK</Sts><BookgDt><Dt>2022-06-01</Dt></BookgDt><ValDt><Dt>2022-06-01</Dt></ValDt><AcctSvcrRef>1522400058266303</AcctSvcrRef><BkTxCd><Domn><Cd>PMNT</Cd><Fmly><Cd>CCRD</Cd><SubFmlyCd>CHRG</SubFmlyCd></Fmly></Domn></BkTxCd><NtryDtls><TxDtls><Refs><AcctSvcrRef>1522400058266303</AcctSvcrRef></Refs><Amt Ccy="CHF">1.56</Amt><CdtDbtInd>DBIT</CdtDbtInd></TxDtls></NtryDtls><AddtlNtryInf>PREIS FÜR E-PAYMENT POSTFINANCE CARD AB CHF 25.01 (EUR 17.01) https://www.sanaclip.ch ANZAHL TRANSAKTIONEN: 2 UMSATZ CHF 119.80 Mai 2022</AddtlNtryInf></Ntry><Ntry><Amt Ccy="CHF">1.70</Amt><CdtDbtInd>DBIT</CdtDbtInd><RvslInd>false</RvslInd><Sts>BOOK</Sts><BookgDt><Dt>2022-06-01</Dt></BookgDt><ValDt><Dt>2022-06-01</Dt></ValDt><AcctSvcrRef>1522400058266287</AcctSvcrRef><BkTxCd><Domn><Cd>PMNT</Cd><Fmly><Cd>CCRD</Cd><SubFmlyCd>CHRG</SubFmlyCd></Fmly></Domn></BkTxCd><NtryDtls><TxDtls><Refs><AcctSvcrRef>1522400058266287</AcctSvcrRef></Refs><Amt Ccy="CHF">1.70</Amt><CdtDbtInd>DBIT</CdtDbtInd></TxDtls></NtryDtls><AddtlNtryInf>PREIS FÜR E-PAYMENT POSTFINANCE E-FINANCE AB CHF 25.01 (EUR 17.01) https://www.sanaclip.ch ANZAHL TRANSAKTIONEN: 2 UMSATZ CHF 130.70 Mai 2022</AddtlNtryInf></Ntry><Ntry><Amt Ccy="CHF">1.95</Amt><CdtDbtInd>DBIT</CdtDbtInd><RvslInd>false</RvslInd><Sts>BOOK</Sts><BookgDt><Dt>2022-06-01</Dt></BookgDt><ValDt><Dt>2022-06-01</Dt></ValDt><AcctSvcrRef>1522400058272950</AcctSvcrRef><BkTxCd><Domn><Cd>PMNT</Cd><Fmly><Cd>CCRD</Cd><SubFmlyCd>CHRG</SubFmlyCd></Fmly></Domn></BkTxCd><NtryDtls><TxDtls><Refs><AcctSvcrRef>1522400058272950</AcctSvcrRef></Refs><Amt Ccy="CHF">1.95</Amt><CdtDbtInd>DBIT</CdtDbtInd></TxDtls></NtryDtls><AddtlNtryInf>PREIS FÜR E-PAYMENT POSTFINANCE CARD AB CHF 25.01 (EUR 17.01) www.smile-spa.ch ANZAHL TRANSAKTIONEN: 1 UMSATZ CHF 149.90 Mai 2022</AddtlNtryInf></Ntry><Ntry><Amt Ccy="CHF">1.30</Amt><CdtDbtInd>DBIT</CdtDbtInd><RvslInd>false</RvslInd><Sts>BOOK</Sts><BookgDt><Dt>2022-06-01</Dt></BookgDt><ValDt><Dt>2022-06-01</Dt></ValDt><AcctSvcrRef>1522400058272965</AcctSvcrRef><BkTxCd><Domn><Cd>PMNT</Cd><Fmly><Cd>CCRD</Cd><SubFmlyCd>CHRG</SubFmlyCd></Fmly></Domn></BkTxCd><NtryDtls><TxDtls><Refs><AcctSvcrRef>1522400058272965</AcctSvcrRef></Refs><Amt Ccy="CHF">1.30</Amt><CdtDbtInd>DBIT</CdtDbtInd></TxDtls></NtryDtls><AddtlNtryInf>PREIS FÜR E-PAYMENT POSTFINANCE CARD AB CHF 25.01 (EUR 17.01) www.dentabrux.ch ANZAHL TRANSAKTIONEN: 1 UMSATZ CHF 99.80 Mai 2022</AddtlNtryInf></Ntry><Ntry><Amt Ccy="CHF">1.68</Amt><CdtDbtInd>DBIT</CdtDbtInd><RvslInd>false</RvslInd><Sts>BOOK</Sts><BookgDt><Dt>2022-06-01</Dt></BookgDt><ValDt><Dt>2022-06-01</Dt></ValDt><AcctSvcrRef>1522400058269093</AcctSvcrRef><BkTxCd><Domn><Cd>PMNT</Cd><Fmly><Cd>CCRD</Cd><SubFmlyCd>CHRG</SubFmlyCd></Fmly></Domn></BkTxCd><NtryDtls><TxDtls><Refs><AcctSvcrRef>1522400058269093</AcctSvcrRef></Refs><Amt Ccy="CHF">1.68</Amt><CdtDbtInd>DBIT</CdtDbtInd></TxDtls></NtryDtls><AddtlNtryInf>PREIS FÜR E-PAYMENT POSTFINANCE CARD AB CHF 25.01 (EUR 17.01) https://massage-pistole-shop.ch ANZAHL TRANSAKTIONEN: 1 UMSATZ CHF 129.00 Mai 2022</AddtlNtryInf></Ntry><Ntry><Amt Ccy="CHF">0.78</Amt><CdtDbtInd>DBIT</CdtDbtInd><RvslInd>false</RvslInd><Sts>BOOK</Sts><BookgDt><Dt>2022-06-01</Dt></BookgDt><ValDt><Dt>2022-06-01</Dt></ValDt><AcctSvcrRef>1522400058267001</AcctSvcrRef><BkTxCd><Domn><Cd>PMNT</Cd><Fmly><Cd>CCRD</Cd><SubFmlyCd>CHRG</SubFmlyCd></Fmly></Domn></BkTxCd><NtryDtls><TxDtls><Refs><AcctSvcrRef>1522400058267001</AcctSvcrRef></Refs><Amt Ccy="CHF">0.78</Amt><CdtDbtInd>DBIT</CdtDbtInd></TxDtls></NtryDtls><AddtlNtryInf>PREIS FÜR E-PAYMENT POSTFINANCE CARD AB CHF 25.01 (EUR 17.01) www.loewenhaar.ch ANZAHL TRANSAKTIONEN: 1 UMSATZ CHF 59.90 Mai 2022</AddtlNtryInf></Ntry><Ntry><Amt Ccy="CHF">3.12</Amt><CdtDbtInd>DBIT</CdtDbtInd><RvslInd>false</RvslInd><Sts>BOOK</Sts><BookgDt><Dt>2022-06-01</Dt></BookgDt><ValDt><Dt>2022-06-01</Dt></ValDt><AcctSvcrRef>1522400058268820</AcctSvcrRef><BkTxCd><Domn><Cd>PMNT</Cd><Fmly><Cd>CCRD</Cd><SubFmlyCd>CHRG</SubFmlyCd></Fmly></Domn></BkTxCd><NtryDtls><TxDtls><Refs><AcctSvcrRef>1522400058268820</AcctSvcrRef></Refs><Amt Ccy="CHF">3.12</Amt><CdtDbtInd>DBIT</CdtDbtInd></TxDtls></NtryDtls><AddtlNtryInf>PREIS FÜR E-PAYMENT POSTFINANCE CARD AB CHF 25.01 (EUR 17.01) https://knirschfrei.ch ANZAHL TRANSAKTIONEN: 3 UMSATZ CHF 239.70 Mai 2022</AddtlNtryInf></Ntry><Ntry><Amt Ccy="CHF">2.08</Amt><CdtDbtInd>DBIT</CdtDbtInd><RvslInd>false</RvslInd><Sts>BOOK</Sts><BookgDt><Dt>2022-06-01</Dt></BookgDt><ValDt><Dt>2022-06-01</Dt></ValDt><AcctSvcrRef>1522400058273047</AcctSvcrRef><BkTxCd><Domn><Cd>PMNT</Cd><Fmly><Cd>CCRD</Cd><SubFmlyCd>CHRG</SubFmlyCd></Fmly></Domn></BkTxCd><NtryDtls><TxDtls><Refs><AcctSvcrRef>1522400058273047</AcctSvcrRef></Refs><Amt Ccy="CHF">2.08</Amt><CdtDbtInd>DBIT</CdtDbtInd></TxDtls></NtryDtls><AddtlNtryInf>PREIS FÜR E-PAYMENT POSTFINANCE E-FINANCE AB CHF 25.01 (EUR 17.01) www.loewenhaar.ch ANZAHL TRANSAKTIONEN: 3 UMSATZ CHF 159.70 Mai 2022</AddtlNtryInf></Ntry><Ntry><Amt Ccy="CHF">2.92</Amt><CdtDbtInd>DBIT</CdtDbtInd><RvslInd>false</RvslInd><Sts>BOOK</Sts><BookgDt><Dt>2022-06-01</Dt></BookgDt><ValDt><Dt>2022-06-01</Dt></ValDt><AcctSvcrRef>1522400058274791</AcctSvcrRef><BkTxCd><Domn><Cd>PMNT</Cd><Fmly><Cd>CCRD</Cd><SubFmlyCd>CHRG</SubFmlyCd></Fmly></Domn></BkTxCd><NtryDtls><TxDtls><Refs><AcctSvcrRef>1522400058274791</AcctSvcrRef></Refs><Amt Ccy="CHF">2.92</Amt><CdtDbtInd>DBIT</CdtDbtInd></TxDtls></NtryDtls><AddtlNtryInf>PREIS FÜR E-PAYMENT POSTFINANCE E-FINANCE AB CHF 25.01 (EUR 17.01) https://knirschfrei.ch ANZAHL TRANSAKTIONEN: 2 UMSATZ CHF 224.70 Mai 2022</AddtlNtryInf></Ntry><Ntry><Amt Ccy="CHF">1.69</Amt><CdtDbtInd>DBIT</CdtDbtInd><RvslInd>false</RvslInd><Sts>BOOK</Sts><BookgDt><Dt>2022-06-01</Dt></BookgDt><ValDt><Dt>2022-06-01</Dt></ValDt><AcctSvcrRef>1522400058280801</AcctSvcrRef><BkTxCd><Domn><Cd>PMNT</Cd><Fmly><Cd>CCRD</Cd><SubFmlyCd>CHRG</SubFmlyCd></Fmly></Domn></BkTxCd><NtryDtls><TxDtls><Refs><AcctSvcrRef>1522400058280801</AcctSvcrRef></Refs><Amt Ccy="CHF">1.69</Amt><CdtDbtInd>DBIT</CdtDbtInd></TxDtls></NtryDtls><AddtlNtryInf>PREIS FÜR E-PAYMENT POSTFINANCE E-FINANCE AB CHF 25.01 (EUR 17.01) https://womancare-cup.ch ANZAHL TRANSAKTIONEN: 1 UMSATZ CHF 129.70 Mai 2022</AddtlNtryInf></Ntry><Ntry><Amt Ccy="CHF">4.39</Amt><CdtDbtInd>DBIT</CdtDbtInd><RvslInd>false</RvslInd><Sts>BOOK</Sts><BookgDt><Dt>2022-06-01</Dt></BookgDt><ValDt><Dt>2022-06-01</Dt></ValDt><AcctSvcrRef>1522400058277723</AcctSvcrRef><BkTxCd><Domn><Cd>PMNT</Cd><Fmly><Cd>CCRD</Cd><SubFmlyCd>CHRG</SubFmlyCd></Fmly></Domn></BkTxCd><NtryDtls><TxDtls><Refs><AcctSvcrRef>1522400058277723</AcctSvcrRef></Refs><Amt Ccy="CHF">4.39</Amt><CdtDbtInd>DBIT</CdtDbtInd></TxDtls></NtryDtls><AddtlNtryInf>PREIS FÜR E-PAYMENT POSTFINANCE CARD AB CHF 25.01 (EUR 17.01) https://akupressur-matte.ch/ ANZAHL TRANSAKTIONEN: 2 UMSATZ CHF 338.00 Mai 2022</AddtlNtryInf></Ntry><Ntry><Amt Ccy="CHF">0.58</Amt><CdtDbtInd>DBIT</CdtDbtInd><RvslInd>false</RvslInd><Sts>BOOK</Sts><BookgDt><Dt>2022-06-01</Dt></BookgDt><ValDt><Dt>2022-06-01</Dt></ValDt><AcctSvcrRef>1522400058280995</AcctSvcrRef><BkTxCd><Domn><Cd>PMNT</Cd><Fmly><Cd>CCRD</Cd><SubFmlyCd>CHRG</SubFmlyCd></Fmly></Domn></BkTxCd><NtryDtls><TxDtls><Refs><AcctSvcrRef>1522400058280995</AcctSvcrRef></Refs><Amt Ccy="CHF">0.58</Amt><CdtDbtInd>DBIT</CdtDbtInd></TxDtls></NtryDtls><AddtlNtryInf>PREIS FÜR E-PAYMENT POSTFINANCE CARD AB CHF 25.01 (EUR 17.01) www.happysmell.ch ANZAHL TRANSAKTIONEN: 1 UMSATZ CHF 44.40 Mai 2022</AddtlNtryInf></Ntry><Ntry><Amt Ccy="CHF">1.04</Amt><CdtDbtInd>DBIT</CdtDbtInd><RvslInd>false</RvslInd><Sts>BOOK</Sts><BookgDt><Dt>2022-06-01</Dt></BookgDt><ValDt><Dt>2022-06-01</Dt></ValDt><AcctSvcrRef>1522400058285152</AcctSvcrRef><BkTxCd><Domn><Cd>PMNT</Cd><Fmly><Cd>CCRD</Cd><SubFmlyCd>CHRG</SubFmlyCd></Fmly></Domn></BkTxCd><NtryDtls><TxDtls><Refs><AcctSvcrRef>1522400058285152</AcctSvcrRef></Refs><Amt Ccy="CHF">1.04</Amt><CdtDbtInd>DBIT</CdtDbtInd></TxDtls></NtryDtls><AddtlNtryInf>PREIS FÜR E-PAYMENT POSTFINANCE CARD AB CHF 25.01 (EUR 17.01) www.hallux-schiene.ch ANZAHL TRANSAKTIONEN: 1 UMSATZ CHF 79.80 Mai 2022</AddtlNtryInf></Ntry><Ntry><Amt Ccy="CHF">1.30</Amt><CdtDbtInd>DBIT</CdtDbtInd><RvslInd>false</RvslInd><Sts>BOOK</Sts><BookgDt><Dt>2022-06-01</Dt></BookgDt><ValDt><Dt>2022-06-01</Dt></ValDt><AcctSvcrRef>1522400058285149</AcctSvcrRef><BkTxCd><Domn><Cd>PMNT</Cd><Fmly><Cd>CCRD</Cd><SubFmlyCd>CHRG</SubFmlyCd></Fmly></Domn></BkTxCd><NtryDtls><TxDtls><Refs><AcctSvcrRef>1522400058285149</AcctSvcrRef></Refs><Amt Ccy="CHF">1.30</Amt><CdtDbtInd>DBIT</CdtDbtInd></TxDtls></NtryDtls><AddtlNtryInf>PREIS FÜR E-PAYMENT POSTFINANCE CARD AB CHF 25.01 (EUR 17.01) www.augengold.ch ANZAHL TRANSAKTIONEN: 2 UMSATZ CHF 99.80 Mai 2022</AddtlNtryInf></Ntry><Ntry><Amt Ccy="CHF">0.78</Amt><CdtDbtInd>DBIT</CdtDbtInd><RvslInd>false</RvslInd><Sts>BOOK</Sts><BookgDt><Dt>2022-06-01</Dt></BookgDt><ValDt><Dt>2022-06-01</Dt></ValDt><AcctSvcrRef>1522400058285136</AcctSvcrRef><BkTxCd><Domn><Cd>PMNT</Cd><Fmly><Cd>CCRD</Cd><SubFmlyCd>CHRG</SubFmlyCd></Fmly></Domn></BkTxCd><NtryDtls><TxDtls><Refs><AcctSvcrRef>1522400058285136</AcctSvcrRef></Refs><Amt Ccy="CHF">0.78</Amt><CdtDbtInd>DBIT</CdtDbtInd></TxDtls></NtryDtls><AddtlNtryInf>PREIS FÜR E-PAYMENT POSTFINANCE CARD AB CHF 25.01 (EUR 17.01) www.fersensporn-frei.ch ANZAHL TRANSAKTIONEN: 1 UMSATZ CHF 59.90 Mai 2022</AddtlNtryInf></Ntry><Ntry><Amt Ccy="CHF">1.04</Amt><CdtDbtInd>DBIT</CdtDbtInd><RvslInd>false</RvslInd><Sts>BOOK</Sts><BookgDt><Dt>2022-06-01</Dt></BookgDt><ValDt><Dt>2022-06-01</Dt></ValDt><AcctSvcrRef>1522400058294555</AcctSvcrRef><BkTxCd><Domn><Cd>PMNT</Cd><Fmly><Cd>CCRD</Cd><SubFmlyCd>CHRG</SubFmlyCd></Fmly></Domn></BkTxCd><NtryDtls><TxDtls><Refs><AcctSvcrRef>1522400058294555</AcctSvcrRef></Refs><Amt Ccy="CHF">1.04</Amt><CdtDbtInd>DBIT</CdtDbtInd></TxDtls></NtryDtls><AddtlNtryInf>PREIS FÜR E-PAYMENT POSTFINANCE CARD AB CHF 25.01 (EUR 17.01) www.der-fussexperte.ch ANZAHL TRANSAKTIONEN: 1 UMSATZ CHF 79.90 Mai 2022</AddtlNtryInf></Ntry><Ntry><Amt Ccy="CHF">34.50</Amt><CdtDbtInd>DBIT</CdtDbtInd><RvslInd>false</RvslInd><Sts>BOOK</Sts><BookgDt><Dt>2022-06-01</Dt></BookgDt><ValDt><Dt>2022-06-01</Dt></ValDt><AcctSvcrRef>1522400058295094</AcctSvcrRef><BkTxCd><Domn><Cd>PMNT</Cd><Fmly><Cd>CCRD</Cd><SubFmlyCd>CHRG</SubFmlyCd></Fmly></Domn></BkTxCd><NtryDtls><TxDtls><Refs><AcctSvcrRef>1522400058295094</AcctSvcrRef></Refs><Amt Ccy="CHF">34.50</Amt><CdtDbtInd>DBIT</CdtDbtInd></TxDtls></NtryDtls><AddtlNtryInf>PREIS FÜR E-PAYMENT POSTFINANCE E-FINANCE AB CHF 25.01 (EUR 17.01) www.mein-stehtisch.ch ANZAHL TRANSAKTIONEN: 3 UMSATZ CHF 2654.00 Mai 2022</AddtlNtryInf></Ntry><Ntry><Amt Ccy="CHF">41.11</Amt><CdtDbtInd>DBIT</CdtDbtInd><RvslInd>false</RvslInd><Sts>BOOK</Sts><BookgDt><Dt>2022-06-01</Dt></BookgDt><ValDt><Dt>2022-06-01</Dt></ValDt><AcctSvcrRef>1522400058295099</AcctSvcrRef><BkTxCd><Domn><Cd>PMNT</Cd><Fmly><Cd>CCRD</Cd><SubFmlyCd>CHRG</SubFmlyCd></Fmly></Domn></BkTxCd><NtryDtls><TxDtls><Refs><AcctSvcrRef>1522400058295099</AcctSvcrRef></Refs><Amt Ccy="CHF">41.11</Amt><CdtDbtInd>DBIT</CdtDbtInd></TxDtls></NtryDtls><AddtlNtryInf>PREIS FÜR E-PAYMENT POSTFINANCE CARD AB CHF 25.01 (EUR 17.01) www.mein-stehtisch.ch ANZAHL TRANSAKTIONEN: 4 UMSATZ CHF 3162.00 Mai 2022</AddtlNtryInf></Ntry><Ntry><Amt Ccy="CHF">0.78</Amt><CdtDbtInd>DBIT</CdtDbtInd><RvslInd>false</RvslInd><Sts>BOOK</Sts><BookgDt><Dt>2022-06-01</Dt></BookgDt><ValDt><Dt>2022-06-01</Dt></ValDt><AcctSvcrRef>1522400058275453</AcctSvcrRef><BkTxCd><Domn><Cd>PMNT</Cd><Fmly><Cd>CCRD</Cd><SubFmlyCd>CHRG</SubFmlyCd></Fmly></Domn></BkTxCd><NtryDtls><TxDtls><Refs><AcctSvcrRef>1522400058275453</AcctSvcrRef></Refs><Amt Ccy="CHF">0.78</Amt><CdtDbtInd>DBIT</CdtDbtInd></TxDtls></NtryDtls><AddtlNtryInf>PREIS FÜR E-PAYMENT POSTFINANCE E-FINANCE AB CHF 25.01 (EUR 17.01) www.der-fussexperte.ch ANZAHL TRANSAKTIONEN: 1 UMSATZ CHF 59.90 Mai 2022</AddtlNtryInf></Ntry><Ntry><Amt Ccy="CHF">1.25</Amt><CdtDbtInd>DBIT</CdtDbtInd><RvslInd>false</RvslInd><Sts>BOOK</Sts><BookgDt><Dt>2022-06-01</Dt></BookgDt><ValDt><Dt>2022-06-01</Dt></ValDt><AcctSvcrRef>1522400058440868</AcctSvcrRef><BkTxCd><Domn><Cd>PMNT</Cd><Fmly><Cd>CCRD</Cd><SubFmlyCd>CHRG</SubFmlyCd></Fmly></Domn></BkTxCd><NtryDtls><TxDtls><Refs><AcctSvcrRef>1522400058440868</AcctSvcrRef></Refs><Amt Ccy="CHF">1.25</Amt><CdtDbtInd>DBIT</CdtDbtInd></TxDtls></NtryDtls><AddtlNtryInf>PREIS FÜR E-PAYMENT POSTFINANCE CARD AB CHF 25.01 (EUR 17.01) www.wimpern-enhancer.ch ANZAHL TRANSAKTIONEN: 1 UMSATZ CHF 95.80 Mai 2022</AddtlNtryInf></Ntry><Ntry><Amt Ccy="CHF">1.04</Amt><CdtDbtInd>DBIT</CdtDbtInd><RvslInd>false</RvslInd><Sts>BOOK</Sts><BookgDt><Dt>2022-06-01</Dt></BookgDt><ValDt><Dt>2022-06-01</Dt></ValDt><AcctSvcrRef>1522400058443933</AcctSvcrRef><BkTxCd><Domn><Cd>PMNT</Cd><Fmly><Cd>CCRD</Cd><SubFmlyCd>CHRG</SubFmlyCd></Fmly></Domn></BkTxCd><NtryDtls><TxDtls><Refs><AcctSvcrRef>1522400058443933</AcctSvcrRef></Refs><Amt Ccy="CHF">1.04</Amt><CdtDbtInd>DBIT</CdtDbtInd></TxDtls></NtryDtls><AddtlNtryInf>PREIS FÜR E-PAYMENT POSTFINANCE E-FINANCE AB CHF 25.01 (EUR 17.01) www.air-hallux.ch ANZAHL TRANSAKTIONEN: 1 UMSATZ CHF 79.90 Mai 2022</AddtlNtryInf></Ntry><Ntry><Amt Ccy="CHF">2.72</Amt><CdtDbtInd>DBIT</CdtDbtInd><RvslInd>false</RvslInd><Sts>BOOK</Sts><BookgDt><Dt>2022-06-01</Dt></BookgDt><ValDt><Dt>2022-06-01</Dt></ValDt><AcctSvcrRef>1522400058443752</AcctSvcrRef><BkTxCd><Domn><Cd>PMNT</Cd><Fmly><Cd>CCRD</Cd><SubFmlyCd>CHRG</SubFmlyCd></Fmly></Domn></BkTxCd><NtryDtls><TxDtls><Refs><AcctSvcrRef>1522400058443752</AcctSvcrRef></Refs><Amt Ccy="CHF">2.72</Amt><CdtDbtInd>DBIT</CdtDbtInd></TxDtls></NtryDtls><AddtlNtryInf>PREIS FÜR E-PAYMENT POSTFINANCE CARD AB CHF 25.01 (EUR 17.01) www.nagelpilz-entfernen.ch ANZAHL TRANSAKTIONEN: 3 UMSATZ CHF 209.60 Mai 2022</AddtlNtryInf></Ntry><Ntry><Amt Ccy="CHF">4.15</Amt><CdtDbtInd>DBIT</CdtDbtInd><RvslInd>false</RvslInd><Sts>BOOK</Sts><BookgDt><Dt>2022-06-01</Dt></BookgDt><ValDt><Dt>2022-06-01</Dt></ValDt><AcctSvcrRef>1522400058282858</AcctSvcrRef><BkTxCd><Domn><Cd>PMNT</Cd><Fmly><Cd>CCRD</Cd><SubFmlyCd>CHRG</SubFmlyCd></Fmly></Domn></BkTxCd><NtryDtls><TxDtls><Refs><AcctSvcrRef>1522400058282858</AcctSvcrRef></Refs><Amt Ccy="CHF">4.15</Amt><CdtDbtInd>DBIT</CdtDbtInd></TxDtls></NtryDtls><AddtlNtryInf>PREIS FÜR E-PAYMENT POSTFINANCE CARD AB CHF 25.01 (EUR 17.01) https://valgusmed.ch/ ANZAHL TRANSAKTIONEN: 3 UMSATZ CHF 319.60 Mai 2022</AddtlNtryInf></Ntry><Ntry><Amt Ccy="CHF">1.69</Amt><CdtDbtInd>DBIT</CdtDbtInd><RvslInd>false</RvslInd><Sts>BOOK</Sts><BookgDt><Dt>2022-06-01</Dt></BookgDt><ValDt><Dt>2022-06-01</Dt></ValDt><AcctSvcrRef>1522400058264346</AcctSvcrRef><BkTxCd><Domn><Cd>PMNT</Cd><Fmly><Cd>CCRD</Cd><SubFmlyCd>CHRG</SubFmlyCd></Fmly></Domn></BkTxCd><NtryDtls><TxDtls><Refs><AcctSvcrRef>1522400058264346</AcctSvcrRef></Refs><Amt Ccy="CHF">1.69</Amt><CdtDbtInd>DBIT</CdtDbtInd></TxDtls></NtryDtls><AddtlNtryInf>PREIS FÜR E-PAYMENT POSTFINANCE CARD AB CHF 25.01 (EUR 17.01) www.fiebercheck.ch ANZAHL TRANSAKTIONEN: 2 UMSATZ CHF 129.80 Mai 2022</AddtlNtryInf></Ntry><Ntry><Amt Ccy="CHF">0.78</Amt><CdtDbtInd>DBIT</CdtDbtInd><RvslInd>false</RvslInd><Sts>BOOK</Sts><BookgDt><Dt>2022-06-01</Dt></BookgDt><ValDt><Dt>2022-06-01</Dt></ValDt><AcctSvcrRef>1522400058443353</AcctSvcrRef><BkTxCd><Domn><Cd>PMNT</Cd><Fmly><Cd>CCRD</Cd><SubFmlyCd>CHRG</SubFmlyCd></Fmly></Domn></BkTxCd><NtryDtls><TxDtls><Refs><AcctSvcrRef>1522400058443353</AcctSvcrRef></Refs><Amt Ccy="CHF">0.78</Amt><CdtDbtInd>DBIT</CdtDbtInd></TxDtls></NtryDtls><AddtlNtryInf>PREIS FÜR E-PAYMENT POSTFINANCE E-FINANCE AB CHF 25.01 (EUR 17.01) www.fiebercheck.ch ANZAHL TRANSAKTIONEN: 1 UMSATZ CHF 59.90 Mai 2022</AddtlNtryInf></Ntry><Ntry><Amt Ccy="CHF">2.08</Amt><CdtDbtInd>DBIT</CdtDbtInd><RvslInd>false</RvslInd><Sts>BOOK</Sts><BookgDt><Dt>2022-06-01</Dt></BookgDt><ValDt><Dt>2022-06-01</Dt></ValDt><AcctSvcrRef>1522400058439075</AcctSvcrRef><BkTxCd><Domn><Cd>PMNT</Cd><Fmly><Cd>CCRD</Cd><SubFmlyCd>CHRG</SubFmlyCd></Fmly></Domn></BkTxCd><NtryDtls><TxDtls><Refs><AcctSvcrRef>1522400058439075</AcctSvcrRef></Refs><Amt Ccy="CHF">2.08</Amt><CdtDbtInd>DBIT</CdtDbtInd></TxDtls></NtryDtls><AddtlNtryInf>PREIS FÜR E-PAYMENT POSTFINANCE E-FINANCE AB CHF 25.01 (EUR 17.01) https://valgusmed.ch/ ANZAHL TRANSAKTIONEN: 2 UMSATZ CHF 159.80 Mai 2022</AddtlNtryInf></Ntry></Stmt></BkToCstmrStmt></Document>
