<?xml version="1.0" encoding="UTF-8"?>
<Document xmlns="urn:iso:std:iso:20022:tech:xsd:camt.053.001.04" xmlns:xsi="http://www.w3.org/2001/XMLSchema-instance" xsi:schemaLocation="urn:iso:std:iso:20022:tech:xsd:camt.053.001.04 camt.053.001.04.xsd"><BkToCstmrStmt><GrpHdr><MsgId>20220531375204849102568</MsgId><CreDtTm>2022-06-01T01:58:15</CreDtTm><MsgPgntn><PgNb>1</PgNb><LastPgInd>true</LastPgInd></MsgPgntn><AddtlInf>SPS/1.7/PROD</AddtlInf></GrpHdr><Stmt><Id>20220531375204849102616</Id><ElctrncSeqNb>105</ElctrncSeqNb><CreDtTm>2022-06-01T01:58:15</CreDtTm><FrToDt><FrDtTm>2022-05-31T00:00:00</FrDtTm><ToDtTm>2022-05-31T23:59:59</ToDtTm></FrToDt><Acct><Id><IBAN>CH9209000000414939852</IBAN></Id><Ownr><Nm>eversmart products Handels GmbH Pfäffikon SZ</Nm></Ownr></Acct><Bal><Tp><CdOrPrtry><Cd>OPBD</Cd></CdOrPrtry></Tp><Amt Ccy="CHF">38117.48</Amt><CdtDbtInd>CRDT</CdtDbtInd><Dt><Dt>2022-05-31</Dt></Dt></Bal><Bal><Tp><CdOrPrtry><Cd>CLBD</Cd></CdOrPrtry></Tp><Amt Ccy="CHF">53872.25</Amt><CdtDbtInd>CRDT</CdtDbtInd><Dt><Dt>2022-05-31</Dt></Dt></Bal><Bal><Tp><CdOrPrtry><Cd>CLAV</Cd></CdOrPrtry></Tp><Amt Ccy="CHF">53872.25</Amt><CdtDbtInd>CRDT</CdtDbtInd><Dt><Dt>2022-05-31</Dt></Dt></Bal><Ntry><Amt Ccy="CHF">5.00</Amt><CdtDbtInd>DBIT</CdtDbtInd><RvslInd>false</RvslInd><Sts>BOOK</Sts><BookgDt><Dt>2022-05-31</Dt></BookgDt><ValDt><Dt>2022-05-31</Dt></ValDt><AcctSvcrRef>1512100165472023</AcctSvcrRef><BkTxCd><Domn><Cd>ACMT</Cd><Fmly><Cd>ADOP</Cd><SubFmlyCd>CHRG</SubFmlyCd></Fmly></Domn></BkTxCd><NtryDtls><TxDtls><Refs><AcctSvcrRef>1512100165472023</AcctSvcrRef></Refs><Amt Ccy="CHF">5.00</Amt><CdtDbtInd>DBIT</CdtDbtInd></TxDtls></NtryDtls><AddtlNtryInf>PREIS FÜR DIE KONTOFÜHRUNG</AddtlNtryInf></Ntry><Ntry><Amt Ccy="CHF">5.00</Amt><CdtDbtInd>DBIT</CdtDbtInd><RvslInd>false</RvslInd><Sts>BOOK</Sts><BookgDt><Dt>2022-05-31</Dt></BookgDt><ValDt><Dt>2022-05-31</Dt></ValDt><AcctSvcrRef>1512100167260740</AcctSvcrRef><BkTxCd><Domn><Cd>ACMT</Cd><Fmly><Cd>ADOP</Cd><SubFmlyCd>CHRG</SubFmlyCd></Fmly></Domn></BkTxCd><NtryDtls><TxDtls><Refs><AcctSvcrRef>1512100167260740</AcctSvcrRef></Refs><Amt Ccy="CHF">5.00</Amt><CdtDbtInd>DBIT</CdtDbtInd></TxDtls></NtryDtls><AddtlNtryInf>PREIS FÜR EXPRESS-DIENSTLEISTUNGEN URSPRUNGS-KONTONUMMER: CH9209000000414939852</AddtlNtryInf></Ntry><Ntry><Amt Ccy="CHF">6.00</Amt><CdtDbtInd>DBIT</CdtDbtInd><RvslInd>false</RvslInd><Sts>BOOK</Sts><BookgDt><Dt>2022-05-31</Dt></BookgDt><ValDt><Dt>2022-05-31</Dt></ValDt><AcctSvcrRef>1512100167260824</AcctSvcrRef><BkTxCd><Domn><Cd>PMNT</Cd><Fmly><Cd>MDOP</Cd><SubFmlyCd>CHRG</SubFmlyCd></Fmly></Domn></BkTxCd><NtryDtls><TxDtls><Refs><AcctSvcrRef>1512100167260824</AcctSvcrRef></Refs><Amt Ccy="CHF">6.00</Amt><CdtDbtInd>DBIT</CdtDbtInd></TxDtls></NtryDtls><AddtlNtryInf>PREIS FÜR GIRO INTERNATIONAL ANZAHL TRANSAKTIONEN: 3 URSPRUNGS-KONTONUMMER: CH9209000000414939852</AddtlNtryInf></Ntry><Ntry><Amt Ccy="CHF">2.40</Amt><CdtDbtInd>DBIT</CdtDbtInd><RvslInd>false</RvslInd><Sts>BOOK</Sts><BookgDt><Dt>2022-05-31</Dt></BookgDt><ValDt><Dt>2022-05-31</Dt></ValDt><AcctSvcrRef>1512100167380725</AcctSvcrRef><BkTxCd><Domn><Cd>PMNT</Cd><Fmly><Cd>RCDT</Cd><SubFmlyCd>CHRG</SubFmlyCd></Fmly></Domn></BkTxCd><NtryDtls><TxDtls><Refs><AcctSvcrRef>1512100167380725</AcctSvcrRef></Refs><Amt Ccy="CHF">2.40</Amt><CdtDbtInd>DBIT</CdtDbtInd></TxDtls></NtryDtls><AddtlNtryInf>PREIS FÜR EINZAHLUNGEN AM SCHALTER ES URSPRUNGS-KONTONUMMER: CH9209000000414939852</AddtlNtryInf></Ntry><Ntry><Amt Ccy="CHF">2.40</Amt><CdtDbtInd>DBIT</CdtDbtInd><RvslInd>false</RvslInd><Sts>BOOK</Sts><BookgDt><Dt>2022-05-31</Dt></BookgDt><ValDt><Dt>2022-05-31</Dt></ValDt><AcctSvcrRef>1512100167380767</AcctSvcrRef><BkTxCd><Domn><Cd>PMNT</Cd><Fmly><Cd>MDOP</Cd><SubFmlyCd>CHRG</SubFmlyCd></Fmly></Domn></BkTxCd><NtryDtls><TxDtls><Refs><AcctSvcrRef>1512100167380767</AcctSvcrRef></Refs><Amt Ccy="CHF">2.40</Amt><CdtDbtInd>DBIT</CdtDbtInd></TxDtls></NtryDtls><AddtlNtryInf>PREIS FÜR VOLLERFASSUNG QR-RECHNUNG KONTO: CH4330000001414939852</AddtlNtryInf></Ntry><Ntry><Amt Ccy="CHF">130.30</Amt><CdtDbtInd>DBIT</CdtDbtInd><RvslInd>false</RvslInd><Sts>BOOK</Sts><BookgDt><Dt>2022-05-31</Dt></BookgDt><ValDt><Dt>2022-05-31</Dt></ValDt><AcctSvcrRef>1512100167380867</AcctSvcrRef><BkTxCd><Domn><Cd>PMNT</Cd><Fmly><Cd>MDOP</Cd><SubFmlyCd>CHRG</SubFmlyCd></Fmly></Domn></BkTxCd><NtryDtls><TxDtls><Refs><AcctSvcrRef>1512100167380867</AcctSvcrRef></Refs><Amt Ccy="CHF">130.30</Amt><CdtDbtInd>DBIT</CdtDbtInd></TxDtls></NtryDtls><AddtlNtryInf>PREIS FÜR EINZAHLUNGEN AM SCHALTER QR-RECHNUNG KONTO: CH4330000001414939852</AddtlNtryInf></Ntry><Ntry><Amt Ccy="CHF">0.08</Amt><CdtDbtInd>DBIT</CdtDbtInd><RvslInd>false</RvslInd><Sts>BOOK</Sts><BookgDt><Dt>2022-05-31</Dt></BookgDt><ValDt><Dt>2022-05-31</Dt></ValDt><AcctSvcrRef>1512100167380951</AcctSvcrRef><BkTxCd><Domn><Cd>PMNT</Cd><Fmly><Cd>MDOP</Cd><SubFmlyCd>CHRG</SubFmlyCd></Fmly></Domn></BkTxCd><NtryDtls><TxDtls><Refs><AcctSvcrRef>1512100167380951</AcctSvcrRef></Refs><Amt Ccy="CHF">0.08</Amt><CdtDbtInd>DBIT</CdtDbtInd></TxDtls></NtryDtls><AddtlNtryInf>PREIS FÜR BETRAGSERFASSUNG QR-RECHNUNG KONTO: CH4330000001414939852</AddtlNtryInf></Ntry><Ntry><Amt Ccy="CHF">49.20</Amt><CdtDbtInd>DBIT</CdtDbtInd><RvslInd>false</RvslInd><Sts>BOOK</Sts><BookgDt><Dt>2022-05-31</Dt></BookgDt><ValDt><Dt>2022-05-31</Dt></ValDt><AcctSvcrRef>151220008QGVT91K</AcctSvcrRef><BkTxCd><Domn><Cd>PMNT</Cd><Fmly><Cd>ICDT</Cd><SubFmlyCd>AUTT</SubFmlyCd></Fmly></Domn></BkTxCd><NtryDtls><TxDtls><Refs><AcctSvcrRef>25-589884027-1</AcctSvcrRef><PmtInfId>25:589884027</PmtInfId><InstrId>20220525000800445100196</InstrId></Refs><Amt Ccy="CHF">49.20</Amt><CdtDbtInd>DBIT</CdtDbtInd><BkTxCd><Domn><Cd>PMNT</Cd><Fmly><Cd>ICDT</Cd><SubFmlyCd>AUTT</SubFmlyCd></Fmly></Domn></BkTxCd><RltdPties><Cdtr><Nm>UBS Switzerland AG</Nm><PstlAdr><Ctry>CH</Ctry><AdrLine>8098 Zürich</AdrLine></PstlAdr></Cdtr><CdtrAcct><Id><Othr><Id>010001456</Id></Othr></Id></CdtrAcct></RltdPties><RltdAgts><CdtrAgt><FinInstnId><BICFI>POFICHBEXXX</BICFI><PstlAdr><Ctry>CH</Ctry></PstlAdr></FinInstnId></CdtrAgt></RltdAgts><RmtInf><Strd><CdtrRefInf><Tp><CdOrPrtry><Prtry>ESR</Prtry></CdOrPrtry></Tp><Ref>263213000000002022201104240</Ref></CdtrRefInf><AddtlRmtInf>UPS 202220110424</AddtlRmtInf></Strd></RmtInf></TxDtls></NtryDtls><AddtlNtryInf>ESR 01-145-6 UBS Switzerland AG 8098 Zürich SENDER REFERENZ: UPS 202220110424 20220525000800445100196</AddtlNtryInf></Ntry><Ntry><Amt Ccy="CHF">799.00</Amt><CdtDbtInd>CRDT</CdtDbtInd><RvslInd>false</RvslInd><Sts>BOOK</Sts><BookgDt><Dt>2022-05-31</Dt></BookgDt><ValDt><Dt>2022-05-31</Dt></ValDt><AcctSvcrRef>151220108R779XZK</AcctSvcrRef><BkTxCd><Domn><Cd>PMNT</Cd><Fmly><Cd>RCDT</Cd><SubFmlyCd>AUTT</SubFmlyCd></Fmly></Domn></BkTxCd><NtryDtls><Btch><NbOfTxs>1</NbOfTxs></Btch><TxDtls><Refs><AcctSvcrRef>220530CH08R779XZ</AcctSvcrRef><InstrId>594511517-1-1</InstrId><Prtry><Tp>00</Tp><Ref>220530CH08R779XZ</Ref></Prtry></Refs><Amt Ccy="CHF">799.00</Amt><CdtDbtInd>CRDT</CdtDbtInd><BkTxCd><Domn><Cd>PMNT</Cd><Fmly><Cd>RCDT</Cd><SubFmlyCd>AUTT</SubFmlyCd></Fmly></Domn></BkTxCd><RltdPties><Dbtr><Nm>Unité - Association suisse</Nm><PstlAdr><StrtNm>Rosenweg</StrtNm><BldgNb>25</BldgNb><PstCd>3007</PstCd><TwnNm>Bern</TwnNm><Ctry>CH</Ctry></PstlAdr></Dbtr><DbtrAcct><Id><IBAN>CH3409000000800614254</IBAN></Id></DbtrAcct><CdtrAcct><Id><IBAN>CH9209000000414939852</IBAN></Id></CdtrAcct></RltdPties><RltdAgts><DbtrAgt><FinInstnId><BICFI>POFICHBEXXX</BICFI><Nm>POSTFINANCE AG</Nm><PstlAdr><AdrLine>MINGERSTRASSE , 20</AdrLine><AdrLine>3030 BERN</AdrLine></PstlAdr></FinInstnId></DbtrAgt></RltdAgts><RmtInf><Ustrd>Rechnung Nr 82916</Ustrd><Strd><AddtlRmtInf>?REJECT?0</AddtlRmtInf><AddtlRmtInf>?ERROR?000</AddtlRmtInf></Strd></RmtInf><RltdDts><AccptncDtTm>2022-05-31T20:00:00</AccptncDtTm></RltdDts></TxDtls></NtryDtls><AddtlNtryInf>GUTSCHRIFT CH3409000000800614254 ABSENDER: Unité - Association suisse Rosenweg 25 3007 Bern MITTEILUNGEN: Rechnung Nr 82916</AddtlNtryInf></Ntry><Ntry><Amt Ccy="CHF">79.90</Amt><CdtDbtInd>CRDT</CdtDbtInd><RvslInd>false</RvslInd><Sts>BOOK</Sts><BookgDt><Dt>2022-05-31</Dt></BookgDt><ValDt><Dt>2022-05-31</Dt></ValDt><AcctSvcrRef>151220108R9NAV2K</AcctSvcrRef><BkTxCd><Domn><Cd>PMNT</Cd><Fmly><Cd>RCDT</Cd><SubFmlyCd>AUTT</SubFmlyCd></Fmly></Domn></BkTxCd><NtryDtls><Btch><NbOfTxs>1</NbOfTxs></Btch><TxDtls><Refs><AcctSvcrRef>220530CH08R9NAV2</AcctSvcrRef><InstrId>20220530000800537751168</InstrId><Prtry><Tp>00</Tp><Ref>220530CH08R9NAV2</Ref></Prtry></Refs><Amt Ccy="CHF">79.90</Amt><CdtDbtInd>CRDT</CdtDbtInd><BkTxCd><Domn><Cd>PMNT</Cd><Fmly><Cd>RCDT</Cd><SubFmlyCd>AUTT</SubFmlyCd></Fmly></Domn></BkTxCd><RltdPties><Dbtr><Nm>Durmaz Figan</Nm><PstlAdr><StrtNm>Maulbeerstrasse</StrtNm><BldgNb>16</BldgNb><PstCd>4058</PstCd><TwnNm>Basel</TwnNm><Ctry>CH</Ctry></PstlAdr></Dbtr><DbtrAcct><Id><IBAN>CH2809000000251072696</IBAN></Id></DbtrAcct><CdtrAcct><Id><IBAN>CH9209000000414939852</IBAN></Id></CdtrAcct></RltdPties><RltdAgts><DbtrAgt><FinInstnId><BICFI>POFICHBEXXX</BICFI><Nm>POSTFINANCE AG</Nm><PstlAdr><AdrLine>MINGERSTRASSE , 20</AdrLine><AdrLine>3030 BERN</AdrLine></PstlAdr></FinInstnId></DbtrAgt></RltdAgts><RmtInf><Ustrd>Kundennr:074856</Ustrd><Strd><AddtlRmtInf>?REJECT?0</AddtlRmtInf><AddtlRmtInf>?ERROR?000</AddtlRmtInf></Strd></RmtInf><RltdDts><AccptncDtTm>2022-05-31T20:00:00</AccptncDtTm></RltdDts></TxDtls></NtryDtls><AddtlNtryInf>GUTSCHRIFT CH2809000000251072696 ABSENDER: Durmaz Figan Maulbeerstrasse 16 4058 Basel MITTEILUNGEN: Kundennr:074856</AddtlNtryInf></Ntry><Ntry><Amt Ccy="CHF">928.00</Amt><CdtDbtInd>CRDT</CdtDbtInd><RvslInd>false</RvslInd><Sts>BOOK</Sts><BookgDt><Dt>2022-05-31</Dt></BookgDt><ValDt><Dt>2022-05-31</Dt></ValDt><AcctSvcrRef>151220108RD98Z2K</AcctSvcrRef><BkTxCd><Domn><Cd>PMNT</Cd><Fmly><Cd>RCDT</Cd><SubFmlyCd>ATXN</SubFmlyCd></Fmly></Domn></BkTxCd><NtryDtls><Btch><NbOfTxs>1</NbOfTxs></Btch><TxDtls><Refs><AcctSvcrRef>220531CH08RD98Z2</AcctSvcrRef><InstrId>215111172730002</InstrId><EndToEndId>NOTPROVIDED</EndToEndId><Prtry><Tp>00</Tp><Ref>220531CH08RD98Z2</Ref></Prtry></Refs><Amt Ccy="CHF">928.00</Amt><CdtDbtInd>CRDT</CdtDbtInd><BkTxCd><Domn><Cd>PMNT</Cd><Fmly><Cd>RCDT</Cd><SubFmlyCd>ATXN</SubFmlyCd></Fmly></Domn></BkTxCd><RltdPties><Dbtr><Nm>Yann-Philippe Santschi</Nm><PstlAdr><StrtNm>Ida-Straeuli-Strasse</StrtNm><BldgNb>93</BldgNb><PstCd>8404</PstCd><TwnNm>Winterthur</TwnNm><Ctry>CH</Ctry></PstlAdr></Dbtr><DbtrAcct><Id><IBAN>CH3000700110006314092</IBAN></Id></DbtrAcct><CdtrAcct><Id><IBAN>CH9209000000414939852</IBAN></Id></CdtrAcct></RltdPties><RltdAgts><DbtrAgt><FinInstnId><ClrSysMmbId><MmbId>700</MmbId></ClrSysMmbId><Nm>Zürcher Kantonalbank</Nm><PstlAdr><AdrLine>8010 Zürich</AdrLine></PstlAdr></FinInstnId></DbtrAgt></RltdAgts><RmtInf><Strd><AddtlRmtInf>?REJECT?0</AddtlRmtInf><AddtlRmtInf>?ERROR?000</AddtlRmtInf></Strd></RmtInf><RltdDts><AccptncDtTm>2022-05-31T20:00:00</AccptncDtTm></RltdDts></TxDtls></NtryDtls><AddtlNtryInf>GUTSCHRIFT AUFTRAGGEBER: Yann-Philippe Santschi Ida-Straeuli-Strasse 93 8404 Winterthur REFERENZEN: NOTPROVIDED 215111172730002 220531CH08RD98Z2</AddtlNtryInf></Ntry><Ntry><Amt Ccy="CHF">769.00</Amt><CdtDbtInd>CRDT</CdtDbtInd><RvslInd>false</RvslInd><Sts>BOOK</Sts><BookgDt><Dt>2022-05-31</Dt></BookgDt><ValDt><Dt>2022-05-31</Dt></ValDt><AcctSvcrRef>151220108RDBH9EK</AcctSvcrRef><BkTxCd><Domn><Cd>PMNT</Cd><Fmly><Cd>RCDT</Cd><SubFmlyCd>ATXN</SubFmlyCd></Fmly></Domn></BkTxCd><NtryDtls><Btch><NbOfTxs>1</NbOfTxs></Btch><TxDtls><Refs><AcctSvcrRef>220531CH08RDBH9E</AcctSvcrRef><InstrId>9954150TI6164431</InstrId><EndToEndId>NOTPROVIDED</EndToEndId><Prtry><Tp>00</Tp><Ref>220531CH08RDBH9E</Ref></Prtry></Refs><Amt Ccy="CHF">769.00</Amt><CdtDbtInd>CRDT</CdtDbtInd><BkTxCd><Domn><Cd>PMNT</Cd><Fmly><Cd>RCDT</Cd><SubFmlyCd>ATXN</SubFmlyCd></Fmly></Domn></BkTxCd><RltdPties><Dbtr><Nm>LOUIS CHARLES CLAUDE PRIEUR</Nm><PstlAdr><AdrLine>RUE HENRI MUSARD 19 CH 1208 GENEVE</AdrLine></PstlAdr></Dbtr><DbtrAcct><Id><IBAN>CH300025425465454740C</IBAN></Id></DbtrAcct><CdtrAcct><Id><IBAN>CH9209000000414939852</IBAN></Id></CdtrAcct></RltdPties><RltdAgts><DbtrAgt><FinInstnId><ClrSysMmbId><MmbId>254</MmbId></ClrSysMmbId><Nm>UBS Switzerland AG</Nm><PstlAdr><AdrLine>Am Bahnhofplatz</AdrLine><AdrLine>9001 St. Gallen</AdrLine></PstlAdr></FinInstnId></DbtrAgt></RltdAgts><RmtInf><Ustrd>RECHNUNG RE-86749 </Ustrd><Strd><AddtlRmtInf>?REJECT?0</AddtlRmtInf><AddtlRmtInf>?ERROR?000</AddtlRmtInf></Strd></RmtInf><RltdDts><AccptncDtTm>2022-05-31T20:00:00</AccptncDtTm></RltdDts></TxDtls></NtryDtls><AddtlNtryInf>GUTSCHRIFT AUFTRAGGEBER: LOUIS CHARLES CLAUDE PRIEUR RUE HENRI MUSARD 19 CH 1208 GENEVE MITTEILUNGEN: RECHNUNG RE-86749  SPESENBETRAG 0.00 CHF SHA REFERENZEN: NOTPROVIDED 9954150TI6164431 220531CH08RDBH9E</AddtlNtryInf></Ntry><Ntry><Amt Ccy="CHF">1534.36</Amt><CdtDbtInd>CRDT</CdtDbtInd><RvslInd>false</RvslInd><Sts>BOOK</Sts><BookgDt><Dt>2022-05-31</Dt></BookgDt><ValDt><Dt>2022-05-31</Dt></ValDt><AcctSvcrRef>151220008QXSBXJK</AcctSvcrRef><BkTxCd><Domn><Cd>PMNT</Cd><Fmly><Cd>RCDT</Cd><SubFmlyCd>AUTT</SubFmlyCd></Fmly></Domn></BkTxCd><NtryDtls><Btch><NbOfTxs>1</NbOfTxs></Btch><TxDtls><Refs><MsgId>TWINT20220527-101-Merchant</MsgId><AcctSvcrRef>220528CH08QXSBXJ</AcctSvcrRef><PmtInfId>TWINT20220527-101-Merchant-B1</PmtInfId><InstrId>0e154f12fcf7435bbf1c0f2abb3fe73d</InstrId><EndToEndId>TWINT20220527-101-Merchant-B1</EndToEndId><Prtry><Tp>00</Tp><Ref>220528CH08QXSBXJ</Ref></Prtry></Refs><Amt Ccy="CHF">1534.36</Amt><CdtDbtInd>CRDT</CdtDbtInd><BkTxCd><Domn><Cd>PMNT</Cd><Fmly><Cd>RCDT</Cd><SubFmlyCd>AUTT</SubFmlyCd></Fmly></Domn></BkTxCd><RltdPties><Dbtr><Nm>TWINT Acquiring AG</Nm><PstlAdr><StrtNm>Stauffacherstrasse</StrtNm><BldgNb>41</BldgNb><PstCd>8004</PstCd><TwnNm>Zürich</TwnNm><Ctry>CH</Ctry></PstlAdr></Dbtr><DbtrAcct><Id><IBAN>CH6609000000313087410</IBAN></Id></DbtrAcct><CdtrAcct><Id><IBAN>CH9209000000414939852</IBAN></Id></CdtrAcct></RltdPties><RltdAgts><DbtrAgt><FinInstnId><BICFI>POFICHBEXXX</BICFI><Nm>POSTFINANCE AG</Nm><PstlAdr><AdrLine>MINGERSTRASSE , 20</AdrLine><AdrLine>3030 BERN</AdrLine></PstlAdr></FinInstnId></DbtrAgt></RltdAgts><RmtInf><Ustrd>999999 TWINT TWINT Auszahlungen Pay</Ustrd><Ustrd>out 20220528                       </Ustrd><Ustrd>   Gross: 1554.60 Fees: -20.24</Ustrd><Strd><AddtlRmtInf>?REJECT?0</AddtlRmtInf><AddtlRmtInf>?ERROR?000</AddtlRmtInf></Strd></RmtInf><RltdDts><AccptncDtTm>2022-05-30T20:00:00</AccptncDtTm></RltdDts></TxDtls></NtryDtls><AddtlNtryInf>GUTSCHRIFT CH6609000000313087410 ABSENDER: TWINT Acquiring AG Stauffacherstrasse 41 8004 Zürich MITTEILUNGEN: 999999 TWINT TWINT Auszahlungen Pay out 20220528                           Gross: 1554.60 Fees: -20.24 REFERENZEN: TWINT20220527-101-Merchant-B1</AddtlNtryInf></Ntry><Ntry><Amt Ccy="CHF">57.86</Amt><CdtDbtInd>CRDT</CdtDbtInd><RvslInd>false</RvslInd><Sts>BOOK</Sts><BookgDt><Dt>2022-05-31</Dt></BookgDt><ValDt><Dt>2022-05-31</Dt></ValDt><AcctSvcrRef>151220108RF14G5K</AcctSvcrRef><BkTxCd><Domn><Cd>PMNT</Cd><Fmly><Cd>RCDT</Cd><SubFmlyCd>ATXN</SubFmlyCd></Fmly></Domn></BkTxCd><NtryDtls><Btch><NbOfTxs>1</NbOfTxs></Btch><TxDtls><Refs><AcctSvcrRef>220531CH08RF14G5</AcctSvcrRef><InstrId>LON03227987197</InstrId><EndToEndId>NOTPROVIDED</EndToEndId><Prtry><Tp>00</Tp><Ref>220531CH08RF14G5</Ref></Prtry></Refs><Amt Ccy="CHF">57.86</Amt><CdtDbtInd>CRDT</CdtDbtInd><BkTxCd><Domn><Cd>PMNT</Cd><Fmly><Cd>RCDT</Cd><SubFmlyCd>ATXN</SubFmlyCd></Fmly></Domn></BkTxCd><RltdPties><Dbtr><Nm>STRIPE PAYMENTS UK LTD</Nm><PstlAdr><AdrLine>9TH FLOOR, 107 CHEAPSIDE GB - LONDO</AdrLine><AdrLine>N EC2V 6DN</AdrLine></PstlAdr></Dbtr><DbtrAcct><Id><IBAN>DK6289000000010375</IBAN></Id></DbtrAcct><CdtrAcct><Id><IBAN>CH9209000000414939852</IBAN></Id></CdtrAcct></RltdPties><RltdAgts><DbtrAgt><FinInstnId><BICFI>CITIGB2LXXX</BICFI><Nm>CITIBANK N.A.</Nm><PstlAdr><AdrLine>CITIBANK CENTRE25 CANADA SQUARE</AdrLine><AdrLine>E14 5LB LONDON</AdrLine></PstlAdr></FinInstnId></DbtrAgt></RltdAgts><RmtInf><Ustrd>STRIPE P3L7N7</Ustrd><Strd><AddtlRmtInf>?REJECT?0</AddtlRmtInf><AddtlRmtInf>?ERROR?000</AddtlRmtInf></Strd></RmtInf><RltdDts><AccptncDtTm>2022-05-31T20:00:00</AccptncDtTm></RltdDts></TxDtls></NtryDtls><AddtlNtryInf>GUTSCHRIFT AUFTRAGGEBER: STRIPE PAYMENTS UK LTD 9TH FLOOR, 107 CHEAPSIDE GB - LONDO N EC2V 6DN MITTEILUNGEN: STRIPE P3L7N7 SPESENBETRAG 0.00 CHF SHA REFERENZEN: NOTPROVIDED LON03227987197 220531CH08RF14G5</AddtlNtryInf></Ntry><Ntry><Amt Ccy="CHF">777.85</Amt><CdtDbtInd>DBIT</CdtDbtInd><RvslInd>false</RvslInd><Sts>BOOK</Sts><BookgDt><Dt>2022-05-31</Dt></BookgDt><ValDt><Dt>2022-05-31</Dt></ValDt><AcctSvcrRef>151220008R7DDRDK</AcctSvcrRef><BkTxCd><Domn><Cd>PMNT</Cd><Fmly><Cd>ICDT</Cd><SubFmlyCd>XBCT</SubFmlyCd></Fmly></Domn></BkTxCd><NtryDtls><TxDtls><Refs><AcctSvcrRef>25-594479336-1</AcctSvcrRef><PmtInfId>25:594479336</PmtInfId><InstrId>20220530000800529158633</InstrId></Refs><Amt Ccy="CHF">777.85</Amt><CdtDbtInd>DBIT</CdtDbtInd><AmtDtls><InstdAmt><Amt Ccy="USD">800.50</Amt><CcyXchg><SrcCcy>USD</SrcCcy><XchgRate>0.9717</XchgRate></CcyXchg></InstdAmt></AmtDtls><BkTxCd><Domn><Cd>PMNT</Cd><Fmly><Cd>ICDT</Cd><SubFmlyCd>XBCT</SubFmlyCd></Fmly></Domn></BkTxCd><RltdPties><Cdtr><Nm>SHENGZHOU SHENGHUA MACHINERY TECHNOLOGY CO.,LTD.</Nm><PstlAdr><StrtNm>JULONG ROAD,INDUSTRIAL FUNCTIONAL AREA,HUANGZE TOWN,SHENGZHOU,ZHEJIANG</StrtNm><BldgNb>7</BldgNb><PstCd>312400</PstCd><TwnNm>SHENGZHOU</TwnNm><Ctry>CN</Ctry></PstlAdr></Cdtr><CdtrAcct><Id><Othr><Id>CN201000222946069</Id></Othr></Id></CdtrAcct></RltdPties><RltdAgts><CdtrAgt><FinInstnId><BICFI>ZJRCCN2NXXX</BICFI><Nm>ZHEJIANG RURAL COMMERCIAL UNITEDBANK CO.,LTD.</Nm><PstlAdr><Ctry>CN</Ctry><AdrLine>660 QIUTAO ROAD 310016 HANGZHOU</AdrLine></PstlAdr></FinInstnId></CdtrAgt></RltdAgts><RmtInf><Ustrd>GAG20220505S Samples</Ustrd><Strd><AddtlRmtInf>Stehtisch Samples</AddtlRmtInf></Strd></RmtInf></TxDtls></NtryDtls><AddtlNtryInf>GIRO INTERNATIONAL USD 800.50 ZUM KURS VON 0.9717 ZHEJIANG RURAL COMMERCIAL UNITED BANK CO.,LTD. 660 QIUTAO ROAD 310016 HANGZHOU CN201000222946069 SHENGZHOU SHENGHUA MACHINERY TECHNO LOGY CO.,LTD. JULONG ROAD,INDUSTRIAL FUNCTIONAL 7 312400 SHENGZHOU SENDER REFERENZ: Stehtisch Samples 20220530000800529158633</AddtlNtryInf></Ntry><Ntry><Amt Ccy="CHF">7870.77</Amt><CdtDbtInd>DBIT</CdtDbtInd><RvslInd>false</RvslInd><Sts>BOOK</Sts><BookgDt><Dt>2022-05-31</Dt></BookgDt><ValDt><Dt>2022-05-31</Dt></ValDt><AcctSvcrRef>151220008R78N5WK</AcctSvcrRef><BkTxCd><Domn><Cd>PMNT</Cd><Fmly><Cd>ICDT</Cd><SubFmlyCd>XBCT</SubFmlyCd></Fmly></Domn></BkTxCd><NtryDtls><TxDtls><Refs><AcctSvcrRef>25-594422491-1</AcctSvcrRef><PmtInfId>25:594422491</PmtInfId><InstrId>20220530000800527662082</InstrId></Refs><Amt Ccy="CHF">7870.77</Amt><CdtDbtInd>DBIT</CdtDbtInd><AmtDtls><InstdAmt><Amt Ccy="USD">8100.00</Amt><CcyXchg><SrcCcy>USD</SrcCcy><XchgRate>0.9717</XchgRate></CcyXchg></InstdAmt></AmtDtls><BkTxCd><Domn><Cd>PMNT</Cd><Fmly><Cd>ICDT</Cd><SubFmlyCd>XBCT</SubFmlyCd></Fmly></Domn></BkTxCd><RltdPties><Cdtr><Nm>AIR-SEA TRANSPORT INC.</Nm><PstlAdr><StrtNm>ROOM (3-6) (3-7) Caihong Road 223 (South), Yinzhou District, NINGBO</StrtNm><BldgNb>223</BldgNb><PstCd>315040</PstCd><TwnNm>ZHEJIANG</TwnNm><Ctry>HK</Ctry></PstlAdr></Cdtr><CdtrAcct><Id><Othr><Id>00639191170702</Id></Othr></Id></CdtrAcct></RltdPties><RltdAgts><CdtrAgt><FinInstnId><BICFI>CITIHKHXXXX</BICFI><Nm>CITIBANK N.A.</Nm><PstlAdr><Ctry>HK</Ctry><AdrLine>GARDEN ROAD, 3CHAMPION TOWERFLOOR 5  CENTRAL</AdrLine></PstlAdr></FinInstnId></CdtrAgt></RltdAgts><RmtInf><Ustrd>D05742205019270</Ustrd><Strd><AddtlRmtInf>1 Rechnungen RAIL Stehtisch Zubehör</AddtlRmtInf></Strd></RmtInf></TxDtls></NtryDtls><AddtlNtryInf>GIRO INTERNATIONAL USD 8'100.00 ZUM KURS VON 0.9717 CITIBANK N.A. GARDEN ROAD, 3CHAMPION TOWERFLOOR 5  CENTRAL 00639191170702 AIR-SEA TRANSPORT INC. ROOM (3-6) (3-7) Caihong Road 2 223 315040 ZHEJIANG SENDER REFERENZ: 1 Rechnungen RAIL Stehtisch Zubehör 20220530000800527662082</AddtlNtryInf></Ntry><Ntry><Amt Ccy="CHF">2056.82</Amt><CdtDbtInd>CRDT</CdtDbtInd><RvslInd>false</RvslInd><Sts>BOOK</Sts><BookgDt><Dt>2022-05-31</Dt></BookgDt><ValDt><Dt>2022-05-31</Dt></ValDt><AcctSvcrRef>151220008QZ9FB4K</AcctSvcrRef><BkTxCd><Domn><Cd>PMNT</Cd><Fmly><Cd>RCDT</Cd><SubFmlyCd>AUTT</SubFmlyCd></Fmly></Domn></BkTxCd><NtryDtls><Btch><NbOfTxs>1</NbOfTxs></Btch><TxDtls><Refs><MsgId>TWINT20220528-101-Merchant</MsgId><AcctSvcrRef>220529CH08QZ9FB4</AcctSvcrRef><PmtInfId>TWINT20220528-101-Merchant-B1</PmtInfId><InstrId>18ea942d238243c69bfcbc1ad388d3cd</InstrId><EndToEndId>TWINT20220528-101-Merchant-B1</EndToEndId><Prtry><Tp>00</Tp><Ref>220529CH08QZ9FB4</Ref></Prtry></Refs><Amt Ccy="CHF">2056.82</Amt><CdtDbtInd>CRDT</CdtDbtInd><BkTxCd><Domn><Cd>PMNT</Cd><Fmly><Cd>RCDT</Cd><SubFmlyCd>AUTT</SubFmlyCd></Fmly></Domn></BkTxCd><RltdPties><Dbtr><Nm>TWINT Acquiring AG</Nm><PstlAdr><StrtNm>Stauffacherstrasse</StrtNm><BldgNb>41</BldgNb><PstCd>8004</PstCd><TwnNm>Zürich</TwnNm><Ctry>CH</Ctry></PstlAdr></Dbtr><DbtrAcct><Id><IBAN>CH6609000000313087410</IBAN></Id></DbtrAcct><CdtrAcct><Id><IBAN>CH9209000000414939852</IBAN></Id></CdtrAcct></RltdPties><RltdAgts><DbtrAgt><FinInstnId><BICFI>POFICHBEXXX</BICFI><Nm>POSTFINANCE AG</Nm><PstlAdr><AdrLine>MINGERSTRASSE , 20</AdrLine><AdrLine>3030 BERN</AdrLine></PstlAdr></FinInstnId></DbtrAgt></RltdAgts><RmtInf><Ustrd>999999 TWINT TWINT Auszahlungen Pay</Ustrd><Ustrd>out 20220529                       </Ustrd><Ustrd>   Gross: 2083.92 Fees: -27.10</Ustrd><Strd><AddtlRmtInf>?REJECT?0</AddtlRmtInf><AddtlRmtInf>?ERROR?000</AddtlRmtInf></Strd></RmtInf><RltdDts><AccptncDtTm>2022-05-30T20:00:00</AccptncDtTm></RltdDts></TxDtls></NtryDtls><AddtlNtryInf>GUTSCHRIFT CH6609000000313087410 ABSENDER: TWINT Acquiring AG Stauffacherstrasse 41 8004 Zürich MITTEILUNGEN: 999999 TWINT TWINT Auszahlungen Pay out 20220529                           Gross: 2083.92 Fees: -27.10 REFERENZEN: TWINT20220528-101-Merchant-B1</AddtlNtryInf></Ntry><Ntry><Amt Ccy="CHF">3642.20</Amt><CdtDbtInd>CRDT</CdtDbtInd><RvslInd>false</RvslInd><Sts>BOOK</Sts><BookgDt><Dt>2022-05-31</Dt></BookgDt><ValDt><Dt>2022-05-31</Dt></ValDt><AcctSvcrRef>151220008R2UQN8K</AcctSvcrRef><BkTxCd><Domn><Cd>PMNT</Cd><Fmly><Cd>RCDT</Cd><SubFmlyCd>AUTT</SubFmlyCd></Fmly></Domn></BkTxCd><NtryDtls><Btch><NbOfTxs>1</NbOfTxs></Btch><TxDtls><Refs><MsgId>TWINT20220529-101-Merchant</MsgId><AcctSvcrRef>220530CH08R2UQN8</AcctSvcrRef><PmtInfId>TWINT20220529-101-Merchant-B1</PmtInfId><InstrId>04c47e2cbf754c66a0c779967eb8ea79</InstrId><EndToEndId>TWINT20220529-101-Merchant-B1</EndToEndId><Prtry><Tp>00</Tp><Ref>220530CH08R2UQN8</Ref></Prtry></Refs><Amt Ccy="CHF">3642.20</Amt><CdtDbtInd>CRDT</CdtDbtInd><BkTxCd><Domn><Cd>PMNT</Cd><Fmly><Cd>RCDT</Cd><SubFmlyCd>AUTT</SubFmlyCd></Fmly></Domn></BkTxCd><RltdPties><Dbtr><Nm>TWINT Acquiring AG</Nm><PstlAdr><StrtNm>Stauffacherstrasse</StrtNm><BldgNb>41</BldgNb><PstCd>8004</PstCd><TwnNm>Zürich</TwnNm><Ctry>CH</Ctry></PstlAdr></Dbtr><DbtrAcct><Id><IBAN>CH6609000000313087410</IBAN></Id></DbtrAcct><CdtrAcct><Id><IBAN>CH9209000000414939852</IBAN></Id></CdtrAcct></RltdPties><RltdAgts><DbtrAgt><FinInstnId><BICFI>POFICHBEXXX</BICFI><Nm>POSTFINANCE AG</Nm><PstlAdr><AdrLine>MINGERSTRASSE , 20</AdrLine><AdrLine>3030 BERN</AdrLine></PstlAdr></FinInstnId></DbtrAgt></RltdAgts><RmtInf><Ustrd>999999 TWINT TWINT Auszahlungen Pay</Ustrd><Ustrd>out 20220530                       </Ustrd><Ustrd>   Gross: 3690.20 Fees: -48.00</Ustrd><Strd><AddtlRmtInf>?REJECT?0</AddtlRmtInf><AddtlRmtInf>?ERROR?000</AddtlRmtInf></Strd></RmtInf><RltdDts><AccptncDtTm>2022-05-31T20:00:00</AccptncDtTm></RltdDts></TxDtls></NtryDtls><AddtlNtryInf>GUTSCHRIFT CH6609000000313087410 ABSENDER: TWINT Acquiring AG Stauffacherstrasse 41 8004 Zürich MITTEILUNGEN: 999999 TWINT TWINT Auszahlungen Pay out 20220530                           Gross: 3690.20 Fees: -48.00 REFERENZEN: TWINT20220529-101-Merchant-B1</AddtlNtryInf></Ntry><Ntry><Amt Ccy="CHF">49.90</Amt><CdtDbtInd>CRDT</CdtDbtInd><RvslInd>false</RvslInd><Sts>BOOK</Sts><BookgDt><Dt>2022-05-31</Dt></BookgDt><ValDt><Dt>2022-05-31</Dt></ValDt><AcctSvcrRef>151220108RH59CUK</AcctSvcrRef><BkTxCd><Domn><Cd>PMNT</Cd><Fmly><Cd>RCDT</Cd><SubFmlyCd>ATXN</SubFmlyCd></Fmly></Domn></BkTxCd><NtryDtls><Btch><NbOfTxs>1</NbOfTxs></Btch><TxDtls><Refs><AcctSvcrRef>220531CH08RH59CU</AcctSvcrRef><InstrId>9935151TJ4005981</InstrId><EndToEndId>NOTPROVIDED</EndToEndId><Prtry><Tp>00</Tp><Ref>220531CH08RH59CU</Ref></Prtry></Refs><Amt Ccy="CHF">49.90</Amt><CdtDbtInd>CRDT</CdtDbtInd><BkTxCd><Domn><Cd>PMNT</Cd><Fmly><Cd>RCDT</Cd><SubFmlyCd>ATXN</SubFmlyCd></Fmly></Domn></BkTxCd><RltdPties><Dbtr><Nm>SONJA NATASCHA WEINGART</Nm><PstlAdr><AdrLine>NAEGELISBODEN 83D CH 3538 ROETHENBA</AdrLine><AdrLine>CH IM EMMENTAL</AdrLine></PstlAdr></Dbtr><DbtrAcct><Id><IBAN>CH970023523573048840F</IBAN></Id></DbtrAcct><CdtrAcct><Id><IBAN>CH9209000000414939852</IBAN></Id></CdtrAcct></RltdPties><RltdAgts><DbtrAgt><FinInstnId><ClrSysMmbId><MmbId>235</MmbId></ClrSysMmbId><Nm>UBS Switzerland AG</Nm><PstlAdr><AdrLine>Bubenbergplatz 3</AdrLine><AdrLine>3000 Bern 94</AdrLine></PstlAdr></FinInstnId></DbtrAgt></RltdAgts><RmtInf><Ustrd>RECHNUNG 86463 </Ustrd><Strd><AddtlRmtInf>?REJECT?0</AddtlRmtInf><AddtlRmtInf>?ERROR?000</AddtlRmtInf></Strd></RmtInf><RltdDts><AccptncDtTm>2022-05-31T20:00:00</AccptncDtTm></RltdDts></TxDtls></NtryDtls><AddtlNtryInf>GUTSCHRIFT AUFTRAGGEBER: SONJA NATASCHA WEINGART NAEGELISBODEN 83D CH 3538 ROETHENBA CH IM EMMENTAL MITTEILUNGEN: RECHNUNG 86463  SPESENBETRAG 0.00 CHF SHA REFERENZEN: NOTPROVIDED 9935151TJ4005981 220531CH08RH59CU</AddtlNtryInf></Ntry><Ntry><Amt Ccy="CHF">39.33</Amt><CdtDbtInd>CRDT</CdtDbtInd><RvslInd>false</RvslInd><Sts>BOOK</Sts><BookgDt><Dt>2022-05-31</Dt></BookgDt><ValDt><Dt>2022-05-31</Dt></ValDt><AcctSvcrRef>151220108RH93AVK</AcctSvcrRef><BkTxCd><Domn><Cd>PMNT</Cd><Fmly><Cd>RCDT</Cd><SubFmlyCd>ATXN</SubFmlyCd></Fmly></Domn></BkTxCd><NtryDtls><Btch><NbOfTxs>1</NbOfTxs></Btch><TxDtls><Refs><AcctSvcrRef>220531CH08RH93AV</AcctSvcrRef><InstrId>9901651E66333271</InstrId><EndToEndId>CONCA00000023269</EndToEndId><Prtry><Tp>00</Tp><Ref>220531CH08RH93AV</Ref></Prtry></Refs><Amt Ccy="CHF">39.33</Amt><CdtDbtInd>CRDT</CdtDbtInd><BkTxCd><Domn><Cd>PMNT</Cd><Fmly><Cd>RCDT</Cd><SubFmlyCd>ATXN</SubFmlyCd></Fmly></Domn></BkTxCd><RltdPties><Dbtr><Nm>CONCARDIS GMBH</Nm><PstlAdr><AdrLine>HELFMANN PARK 7 DE 65760 ESCHBORN</AdrLine></PstlAdr></Dbtr><DbtrAcct><Id><IBAN>CH830023023065770601M</IBAN></Id></DbtrAcct><CdtrAcct><Id><IBAN>CH9209000000414939852</IBAN></Id></CdtrAcct></RltdPties><RltdAgts><DbtrAgt><FinInstnId><ClrSysMmbId><MmbId>230</MmbId></ClrSysMmbId><Nm>UBS Switzerland AG</Nm><PstlAdr><AdrLine>Bahnhofstrasse 45</AdrLine><AdrLine>8098 Zürich</AdrLine></PstlAdr></FinInstnId></DbtrAgt></RltdAgts><RmtInf><Ustrd>VI:DAT18.05.22:ZAHL-NR000001:BRUTTO</Ustrd><Ustrd>39,90:KOM0,57:VP146589273:FIL:TRX1</Ustrd><Strd><AddtlRmtInf>?REJECT?0</AddtlRmtInf><AddtlRmtInf>?ERROR?000</AddtlRmtInf></Strd></RmtInf><RltdDts><AccptncDtTm>2022-05-31T20:00:00</AccptncDtTm></RltdDts></TxDtls></NtryDtls><AddtlNtryInf>GUTSCHRIFT AUFTRAGGEBER: CONCARDIS GMBH HELFMANN PARK 7 DE 65760 ESCHBORN MITTEILUNGEN: VI:DAT18.05.22:ZAHL-NR000001:BRUTTO 39,90:KOM0,57:VP146589273:FIL:TRX1 SPESENBETRAG 0.00 CHF SHA REFERENZEN: CONCA00000023269 9901651E66333271 220531CH08RH93AV</AddtlNtryInf></Ntry><Ntry><Amt Ccy="CHF">49.20</Amt><CdtDbtInd>CRDT</CdtDbtInd><RvslInd>false</RvslInd><Sts>BOOK</Sts><BookgDt><Dt>2022-05-31</Dt></BookgDt><ValDt><Dt>2022-05-31</Dt></ValDt><AcctSvcrRef>151220108RH92C9K</AcctSvcrRef><BkTxCd><Domn><Cd>PMNT</Cd><Fmly><Cd>RCDT</Cd><SubFmlyCd>ATXN</SubFmlyCd></Fmly></Domn></BkTxCd><NtryDtls><Btch><NbOfTxs>1</NbOfTxs></Btch><TxDtls><Refs><AcctSvcrRef>220531CH08RH92C9</AcctSvcrRef><InstrId>9901651E66333272</InstrId><EndToEndId>CONCA00000023270</EndToEndId><Prtry><Tp>00</Tp><Ref>220531CH08RH92C9</Ref></Prtry></Refs><Amt Ccy="CHF">49.20</Amt><CdtDbtInd>CRDT</CdtDbtInd><BkTxCd><Domn><Cd>PMNT</Cd><Fmly><Cd>RCDT</Cd><SubFmlyCd>ATXN</SubFmlyCd></Fmly></Domn></BkTxCd><RltdPties><Dbtr><Nm>CONCARDIS GMBH</Nm><PstlAdr><AdrLine>HELFMANN PARK 7 DE 65760 ESCHBORN</AdrLine></PstlAdr></Dbtr><DbtrAcct><Id><IBAN>CH830023023065770601M</IBAN></Id></DbtrAcct><CdtrAcct><Id><IBAN>CH9209000000414939852</IBAN></Id></CdtrAcct></RltdPties><RltdAgts><DbtrAgt><FinInstnId><ClrSysMmbId><MmbId>230</MmbId></ClrSysMmbId><Nm>UBS Switzerland AG</Nm><PstlAdr><AdrLine>Bahnhofstrasse 45</AdrLine><AdrLine>8098 Zürich</AdrLine></PstlAdr></FinInstnId></DbtrAgt></RltdAgts><RmtInf><Ustrd>VI:DAT18.05.22:ZAHL-NR000001:BRUTTO</Ustrd><Ustrd>49,90:KOM0,70:VP146589380:FIL:TRX1</Ustrd><Strd><AddtlRmtInf>?REJECT?0</AddtlRmtInf><AddtlRmtInf>?ERROR?000</AddtlRmtInf></Strd></RmtInf><RltdDts><AccptncDtTm>2022-05-31T20:00:00</AccptncDtTm></RltdDts></TxDtls></NtryDtls><AddtlNtryInf>GUTSCHRIFT AUFTRAGGEBER: CONCARDIS GMBH HELFMANN PARK 7 DE 65760 ESCHBORN MITTEILUNGEN: VI:DAT18.05.22:ZAHL-NR000001:BRUTTO 49,90:KOM0,70:VP146589380:FIL:TRX1 SPESENBETRAG 0.00 CHF SHA REFERENZEN: CONCA00000023270 9901651E66333272 220531CH08RH92C9</AddtlNtryInf></Ntry><Ntry><Amt Ccy="CHF">769.00</Amt><CdtDbtInd>CRDT</CdtDbtInd><RvslInd>false</RvslInd><Sts>BOOK</Sts><BookgDt><Dt>2022-05-31</Dt></BookgDt><ValDt><Dt>2022-05-31</Dt></ValDt><AcctSvcrRef>151220108RHEWMOK</AcctSvcrRef><BkTxCd><Domn><Cd>PMNT</Cd><Fmly><Cd>RCDT</Cd><SubFmlyCd>ATXN</SubFmlyCd></Fmly></Domn></BkTxCd><NtryDtls><Btch><NbOfTxs>1</NbOfTxs></Btch><TxDtls><Refs><AcctSvcrRef>220531CH08RHEWMO</AcctSvcrRef><InstrId>16622869852/7XXX</InstrId><EndToEndId>NOTPROVIDED</EndToEndId><Prtry><Tp>00</Tp><Ref>220531CH08RHEWMO</Ref></Prtry></Refs><Amt Ccy="CHF">769.00</Amt><CdtDbtInd>CRDT</CdtDbtInd><BkTxCd><Domn><Cd>PMNT</Cd><Fmly><Cd>RCDT</Cd><SubFmlyCd>ATXN</SubFmlyCd></Fmly></Domn></BkTxCd><RltdPties><Dbtr><Nm>Ursula Ana Villegas Pedrido</Nm><PstlAdr><AdrLine>Weidstrasse 33 Postfach 73</AdrLine><AdrLine>8932 Mettmenstetten</AdrLine></PstlAdr></Dbtr><DbtrAcct><Id><IBAN>CH0780808008458421221</IBAN></Id></DbtrAcct><CdtrAcct><Id><IBAN>CH9209000000414939852</IBAN></Id></CdtrAcct></RltdPties><RltdAgts><DbtrAgt><FinInstnId><ClrSysMmbId><MmbId>81455</MmbId></ClrSysMmbId><Nm>Raiffeisenbank Cham-Steinhausen</Nm><PstlAdr><AdrLine>Sinserstrasse 1</AdrLine><AdrLine>6330 Cham</AdrLine></PstlAdr></FinInstnId></DbtrAgt></RltdAgts><RmtInf><Ustrd>RE-80501</Ustrd><Strd><AddtlRmtInf>?REJECT?0</AddtlRmtInf><AddtlRmtInf>?ERROR?000</AddtlRmtInf></Strd></RmtInf><RltdDts><AccptncDtTm>2022-05-31T20:00:00</AccptncDtTm></RltdDts></TxDtls></NtryDtls><AddtlNtryInf>GUTSCHRIFT AUFTRAGGEBER: Ursula Ana Villegas Pedrido Weidstrasse 33 Postfach 73 8932 Mettmenstetten MITTEILUNGEN: RE-80501 REFERENZEN: NOTPROVIDED 16622869852/7XXX 220531CH08RHEWMO</AddtlNtryInf></Ntry><Ntry><NtryRef>CH4330000001414939852</NtryRef><Amt Ccy="CHF">13827.20</Amt><CdtDbtInd>CRDT</CdtDbtInd><RvslInd>false</RvslInd><Sts>BOOK</Sts><BookgDt><Dt>2022-05-31</Dt></BookgDt><ValDt><Dt>2022-05-31</Dt></ValDt><AcctSvcrRef>151220008RJSKQTU</AcctSvcrRef><BkTxCd><Domn><Cd>PMNT</Cd><Fmly><Cd>RCDT</Cd><SubFmlyCd>VCOM</SubFmlyCd></Fmly></Domn></BkTxCd><Chrgs><TtlChrgsAndTaxAmt Ccy="CHF">13.54</TtlChrgsAndTaxAmt><Rcrd><Amt Ccy="CHF">12.70</Amt><CdtDbtInd>DBIT</CdtDbtInd><ChrgInclInd>false</ChrgInclInd><Tp><Prtry><Id>2</Id></Prtry></Tp></Rcrd><Rcrd><Amt Ccy="CHF">0.80</Amt><CdtDbtInd>DBIT</CdtDbtInd><ChrgInclInd>false</ChrgInclInd><Tp><Prtry><Id>5</Id></Prtry></Tp></Rcrd><Rcrd><Amt Ccy="CHF">0.04</Amt><CdtDbtInd>DBIT</CdtDbtInd><ChrgInclInd>false</ChrgInclInd><Tp><Prtry><Id>4</Id></Prtry></Tp></Rcrd></Chrgs><NtryDtls><TxDtls><Refs><AcctSvcrRef>151220008RJSKQTU</AcctSvcrRef></Refs><Amt Ccy="CHF">13827.20</Amt><CdtDbtInd>CRDT</CdtDbtInd></TxDtls></NtryDtls><AddtlNtryInf>SAMMELGUTSCHRIFT FÜR KONTO: CH4330000001414939852 VERARBEITUNG VOM 31.05.2022 PAKET ID: 220531CH000007UI</AddtlNtryInf></Ntry><Ntry><NtryRef>CH9530000002414939852</NtryRef><Amt Ccy="CHF">2.00</Amt><CdtDbtInd>CRDT</CdtDbtInd><RvslInd>false</RvslInd><Sts>BOOK</Sts><BookgDt><Dt>2022-05-31</Dt></BookgDt><ValDt><Dt>2022-05-31</Dt></ValDt><AcctSvcrRef>151220008RJSO4PU</AcctSvcrRef><BkTxCd><Domn><Cd>PMNT</Cd><Fmly><Cd>RCDT</Cd><SubFmlyCd>VCOM</SubFmlyCd></Fmly></Domn></BkTxCd><NtryDtls><TxDtls><Refs><AcctSvcrRef>151220008RJSO4PU</AcctSvcrRef></Refs><Amt Ccy="CHF">2.00</Amt><CdtDbtInd>CRDT</CdtDbtInd></TxDtls></NtryDtls><AddtlNtryInf>SAMMELGUTSCHRIFT FÜR KONTO: CH9530000002414939852 VERARBEITUNG VOM 31.05.2022 PAKET ID: 220531CH00000CKZ</AddtlNtryInf></Ntry></Stmt></BkToCstmrStmt></Document>
