<?xml version="1.0" encoding="UTF-8"?>
<Document xmlns="urn:iso:std:iso:20022:tech:xsd:camt.053.001.04" xmlns:xsi="http://www.w3.org/2001/XMLSchema-instance" xsi:schemaLocation="urn:iso:std:iso:20022:tech:xsd:camt.053.001.04 camt.053.001.04.xsd"><BkToCstmrStmt><GrpHdr><MsgId>20220725375204888810402</MsgId><CreDtTm>2022-07-26T02:30:26</CreDtTm><MsgPgntn><PgNb>1</PgNb><LastPgInd>true</LastPgInd></MsgPgntn><AddtlInf>SPS/1.7/PROD</AddtlInf></GrpHdr><Stmt><Id>20220725375204888810421</Id><ElctrncSeqNb>143</ElctrncSeqNb><CreDtTm>2022-07-26T02:30:26</CreDtTm><FrToDt><FrDtTm>2022-07-23T00:00:00</FrDtTm><ToDtTm>2022-07-25T23:59:59</ToDtTm></FrToDt><Acct><Id><IBAN>CH9209000000414939852</IBAN></Id><Ownr><Nm>eversmart products Handels GmbH Pfäffikon SZ</Nm></Ownr></Acct><Bal><Tp><CdOrPrtry><Cd>OPBD</Cd></CdOrPrtry></Tp><Amt Ccy="CHF">114331.98</Amt><CdtDbtInd>CRDT</CdtDbtInd><Dt><Dt>2022-07-23</Dt></Dt></Bal><Bal><Tp><CdOrPrtry><Cd>CLBD</Cd></CdOrPrtry></Tp><Amt Ccy="CHF">114332.87</Amt><CdtDbtInd>CRDT</CdtDbtInd><Dt><Dt>2022-07-25</Dt></Dt></Bal><Bal><Tp><CdOrPrtry><Cd>CLAV</Cd></CdOrPrtry></Tp><Amt Ccy="CHF">114332.87</Amt><CdtDbtInd>CRDT</CdtDbtInd><Dt><Dt>2022-07-25</Dt></Dt></Bal><Ntry><Amt Ccy="CHF">164.65</Amt><CdtDbtInd>DBIT</CdtDbtInd><RvslInd>false</RvslInd><Sts>BOOK</Sts><BookgDt><Dt>2022-07-25</Dt></BookgDt><ValDt><Dt>2022-07-25</Dt></ValDt><AcctSvcrRef>206220008Z87WIRK</AcctSvcrRef><BkTxCd><Domn><Cd>PMNT</Cd><Fmly><Cd>ICDT</Cd><SubFmlyCd>DMCT</SubFmlyCd></Fmly></Domn></BkTxCd><NtryDtls><TxDtls><Refs><AcctSvcrRef>25-626541072-1</AcctSvcrRef><PmtInfId>25:626541072</PmtInfId><InstrId>20220722000800376822588</InstrId></Refs><Amt Ccy="CHF">164.65</Amt><CdtDbtInd>DBIT</CdtDbtInd><BkTxCd><Domn><Cd>PMNT</Cd><Fmly><Cd>ICDT</Cd><SubFmlyCd>DMCT</SubFmlyCd></Fmly></Domn></BkTxCd><RltdPties><Cdtr><Nm>Adyen B.V.</Nm><PstlAdr><Ctry>CH</Ctry></PstlAdr></Cdtr><CdtrAcct><Id><IBAN>CH2287801003000722000</IBAN></Id></CdtrAcct></RltdPties><RltdAgts><CdtrAgt><FinInstnId><BICFI>DEUTCHZZXXX</BICFI><Nm>Deutsche Bank AG Zürich Branch</Nm><PstlAdr><Ctry>CH</Ctry><AdrLine>Postfach 3604 / Uraniastrasse 9 8021 Zürich</AdrLine></PstlAdr></FinInstnId></CdtrAgt></RltdAgts><RmtInf><Ustrd>GPD9HR7SC9NMWPG2 UPS</Ustrd></RmtInf></TxDtls></NtryDtls><AddtlNtryInf>LASTSCHRIFT Deutsche Bank AG Zürich Branch Postfach 3604 / Uraniastrasse 9 8021 Zürich CH2287801003000722000 Adyen B.V. SENDER REFERENZ: 20220722000800376822588</AddtlNtryInf></Ntry><Ntry><Amt Ccy="CHF">2274.36</Amt><CdtDbtInd>DBIT</CdtDbtInd><RvslInd>false</RvslInd><Sts>BOOK</Sts><BookgDt><Dt>2022-07-25</Dt></BookgDt><ValDt><Dt>2022-07-25</Dt></ValDt><AcctSvcrRef>206220008ZCCXW4K</AcctSvcrRef><BkTxCd><Domn><Cd>PMNT</Cd><Fmly><Cd>ICDT</Cd><SubFmlyCd>DMCT</SubFmlyCd></Fmly></Domn></BkTxCd><NtryDtls><TxDtls><Refs><AcctSvcrRef>25-626654681-1</AcctSvcrRef><PmtInfId>25:626654681</PmtInfId><InstrId>20220722000800379902007</InstrId></Refs><Amt Ccy="CHF">2274.36</Amt><CdtDbtInd>DBIT</CdtDbtInd><BkTxCd><Domn><Cd>PMNT</Cd><Fmly><Cd>ICDT</Cd><SubFmlyCd>DMCT</SubFmlyCd></Fmly></Domn></BkTxCd><RltdPties><Cdtr><Nm>Nunes de Moura Adairlis</Nm><PstlAdr><Ctry>CH</Ctry></PstlAdr></Cdtr><CdtrAcct><Id><IBAN>CH9280808007332815007</IBAN></Id></CdtrAcct></RltdPties><RltdAgts><CdtrAgt><FinInstnId><BICFI>RAIFCH22XXX</BICFI><Nm>Raiffeisen</Nm><PstlAdr><Ctry>CH</Ctry><AdrLine>Raiffeisenplatz 9001 St. Gallen</AdrLine></PstlAdr></FinInstnId></CdtrAgt></RltdAgts><RmtInf><Ustrd>Lohn Juli 2022</Ustrd><Strd><AddtlRmtInf>Lohn Juli 2022</AddtlRmtInf></Strd></RmtInf></TxDtls></NtryDtls><AddtlNtryInf>LASTSCHRIFT Raiffeisen Raiffeisenplatz 9001 St. Gallen CH9280808007332815007 Nunes de Moura Adairlis SENDER REFERENZ: Lohn Juli 2022 20220722000800379902007</AddtlNtryInf></Ntry><Ntry><Amt Ccy="CHF">17133.80</Amt><CdtDbtInd>DBIT</CdtDbtInd><RvslInd>false</RvslInd><Sts>BOOK</Sts><BookgDt><Dt>2022-07-25</Dt></BookgDt><ValDt><Dt>2022-07-25</Dt></ValDt><AcctSvcrRef>206220008Z90JHCK</AcctSvcrRef><BkTxCd><Domn><Cd>PMNT</Cd><Fmly><Cd>ICDT</Cd><SubFmlyCd>DMCT</SubFmlyCd></Fmly></Domn></BkTxCd><NtryDtls><TxDtls><Refs><AcctSvcrRef>25-626654438-1</AcctSvcrRef><PmtInfId>25:626654438</PmtInfId><InstrId>20220722000800379894399</InstrId></Refs><Amt Ccy="CHF">17133.80</Amt><CdtDbtInd>DBIT</CdtDbtInd><BkTxCd><Domn><Cd>PMNT</Cd><Fmly><Cd>ICDT</Cd><SubFmlyCd>DMCT</SubFmlyCd></Fmly></Domn></BkTxCd><RltdPties><Cdtr><Nm>Timo Miczek</Nm><PstlAdr><Ctry>CH</Ctry><AdrLine>Schindellegistrasse 65 8808 Pfäffikon</AdrLine></PstlAdr></Cdtr><CdtrAcct><Id><IBAN>CH2981479000001234792</IBAN></Id></CdtrAcct></RltdPties><RltdAgts><CdtrAgt><FinInstnId><BICFI>RAIFCH22E79</BICFI><Nm>Raiffeisenbank Weinland</Nm><PstlAdr><Ctry>CH</Ctry><AdrLine>Thurtalstrasse 4 8450 Andelfingen</AdrLine></PstlAdr></FinInstnId></CdtrAgt></RltdAgts><RmtInf><Ustrd>Lohn Juli 2022</Ustrd><Strd><AddtlRmtInf>Lohn Juli 2022</AddtlRmtInf></Strd></RmtInf></TxDtls></NtryDtls><AddtlNtryInf>LASTSCHRIFT Raiffeisenbank Weinland Thurtalstrasse 4 8450 Andelfingen CH2981479000001234792 Timo Miczek Schindellegistrasse 65 8808 Pfäffikon SENDER REFERENZ: Lohn Juli 2022 20220722000800379894399</AddtlNtryInf></Ntry><Ntry><Amt Ccy="CHF">1027.00</Amt><CdtDbtInd>CRDT</CdtDbtInd><RvslInd>false</RvslInd><Sts>BOOK</Sts><BookgDt><Dt>2022-07-25</Dt></BookgDt><ValDt><Dt>2022-07-25</Dt></ValDt><AcctSvcrRef>206220108ZG5THZK</AcctSvcrRef><BkTxCd><Domn><Cd>PMNT</Cd><Fmly><Cd>RCDT</Cd><SubFmlyCd>ATXN</SubFmlyCd></Fmly></Domn></BkTxCd><NtryDtls><Btch><NbOfTxs>1</NbOfTxs></Btch><TxDtls><Refs><AcctSvcrRef>220725CH08ZG5THZ</AcctSvcrRef><InstrId>16758675563/6XXX</InstrId><EndToEndId>NOTPROVIDED</EndToEndId><Prtry><Tp>00</Tp><Ref>220725CH08ZG5THZ</Ref></Prtry></Refs><Amt Ccy="CHF">1027.00</Amt><CdtDbtInd>CRDT</CdtDbtInd><BkTxCd><Domn><Cd>PMNT</Cd><Fmly><Cd>RCDT</Cd><SubFmlyCd>ATXN</SubFmlyCd></Fmly></Domn></BkTxCd><RltdPties><Dbtr><Nm>Mathias und Daniela Kaufmann</Nm><PstlAdr><AdrLine>Chastelstrasse 7d</AdrLine><AdrLine>8732 Neuhaus SG</AdrLine></PstlAdr></Dbtr><DbtrAcct><Id><IBAN>CH7880808003279821967</IBAN></Id></DbtrAcct><CdtrAcct><Id><IBAN>CH9209000000414939852</IBAN></Id></CdtrAcct></RltdPties><RltdAgts><DbtrAgt><FinInstnId><ClrSysMmbId><MmbId>81298</MmbId></ClrSysMmbId><Nm>Raiffeisenbank am Ricken</Nm><PstlAdr><AdrLine>Rössligass 3</AdrLine><AdrLine>8733 Eschenbach SG</AdrLine></PstlAdr></FinInstnId></DbtrAgt></RltdAgts><RmtInf><Ustrd>RE-87993</Ustrd><Strd><AddtlRmtInf>?REJECT?0</AddtlRmtInf><AddtlRmtInf>?ERROR?000</AddtlRmtInf></Strd></RmtInf><RltdDts><AccptncDtTm>2022-07-25T20:00:00</AccptncDtTm></RltdDts></TxDtls></NtryDtls><AddtlNtryInf>GUTSCHRIFT AUFTRAGGEBER: Mathias und Daniela Kaufmann Chastelstrasse 7d 8732 Neuhaus SG MITTEILUNGEN: RE-87993 REFERENZEN: NOTPROVIDED 16758675563/6XXX 220725CH08ZG5THZ</AddtlNtryInf></Ntry><Ntry><Amt Ccy="CHF">224.90</Amt><CdtDbtInd>DBIT</CdtDbtInd><RvslInd>false</RvslInd><Sts>BOOK</Sts><BookgDt><Dt>2022-07-25</Dt></BookgDt><ValDt><Dt>2022-07-25</Dt></ValDt><AcctSvcrRef>206220008Z9YVI6K</AcctSvcrRef><BkTxCd><Domn><Cd>PMNT</Cd><Fmly><Cd>ICDT</Cd><SubFmlyCd>DMCT</SubFmlyCd></Fmly></Domn></BkTxCd><NtryDtls><TxDtls><Refs><AcctSvcrRef>25-626660768-1</AcctSvcrRef><PmtInfId>25:626660768</PmtInfId><InstrId>20220722000800380074676</InstrId></Refs><Amt Ccy="CHF">224.90</Amt><CdtDbtInd>DBIT</CdtDbtInd><BkTxCd><Domn><Cd>PMNT</Cd><Fmly><Cd>ICDT</Cd><SubFmlyCd>DMCT</SubFmlyCd></Fmly></Domn></BkTxCd><RltdPties><Cdtr><Nm>Adyen B.V.</Nm><PstlAdr><Ctry>CH</Ctry></PstlAdr></Cdtr><CdtrAcct><Id><IBAN>CH2287801003000722000</IBAN></Id></CdtrAcct></RltdPties><RltdAgts><CdtrAgt><FinInstnId><BICFI>DEUTCHZZXXX</BICFI><Nm>Deutsche Bank AG Zürich Branch</Nm><PstlAdr><Ctry>CH</Ctry><AdrLine>Postfach 3604 / Uraniastrasse 9</AdrLine><AdrLine>8021 Zürich</AdrLine></PstlAdr></FinInstnId></CdtrAgt></RltdAgts><RmtInf><Ustrd>JS2LPMK5DQZ87F32 UPS</Ustrd></RmtInf></TxDtls></NtryDtls><AddtlNtryInf>LASTSCHRIFT Deutsche Bank AG Zürich Branch Postfach 3604 / Uraniastrasse 9 8021 Zürich CH2287801003000722000 Adyen B.V. SENDER REFERENZ: 20220722000800380074676</AddtlNtryInf></Ntry><Ntry><Amt Ccy="CHF">117.30</Amt><CdtDbtInd>DBIT</CdtDbtInd><RvslInd>false</RvslInd><Sts>BOOK</Sts><BookgDt><Dt>2022-07-25</Dt></BookgDt><ValDt><Dt>2022-07-25</Dt></ValDt><AcctSvcrRef>206220008Z6Q09MK</AcctSvcrRef><BkTxCd><Domn><Cd>PMNT</Cd><Fmly><Cd>ICDT</Cd><SubFmlyCd>DMCT</SubFmlyCd></Fmly></Domn></BkTxCd><NtryDtls><TxDtls><Refs><AcctSvcrRef>25-626658829-1</AcctSvcrRef><PmtInfId>25:626658829</PmtInfId><InstrId>20220722000800380019670</InstrId></Refs><Amt Ccy="CHF">117.30</Amt><CdtDbtInd>DBIT</CdtDbtInd><BkTxCd><Domn><Cd>PMNT</Cd><Fmly><Cd>ICDT</Cd><SubFmlyCd>DMCT</SubFmlyCd></Fmly></Domn></BkTxCd><RltdPties><Cdtr><Nm>Adyen B.V.</Nm><PstlAdr><Ctry>CH</Ctry></PstlAdr></Cdtr><CdtrAcct><Id><IBAN>CH2287801003000722000</IBAN></Id></CdtrAcct></RltdPties><RltdAgts><CdtrAgt><FinInstnId><BICFI>DEUTCHZZXXX</BICFI><Nm>Deutsche Bank AG Zürich Branch</Nm><PstlAdr><Ctry>CH</Ctry><AdrLine>Postfach 3604 / Uraniastrasse 9 8021 Zürich</AdrLine></PstlAdr></FinInstnId></CdtrAgt></RltdAgts><RmtInf><Ustrd>CVCQ9TSKP3DMQPB2 UPS</Ustrd></RmtInf></TxDtls></NtryDtls><AddtlNtryInf>LASTSCHRIFT Deutsche Bank AG Zürich Branch Postfach 3604 / Uraniastrasse 9 8021 Zürich CH2287801003000722000 Adyen B.V. SENDER REFERENZ: 20220722000800380019670</AddtlNtryInf></Ntry><Ntry><Amt Ccy="CHF">5013.55</Amt><CdtDbtInd>CRDT</CdtDbtInd><RvslInd>false</RvslInd><Sts>BOOK</Sts><BookgDt><Dt>2022-07-25</Dt></BookgDt><ValDt><Dt>2022-07-25</Dt></ValDt><AcctSvcrRef>206220008ZAORXCK</AcctSvcrRef><BkTxCd><Domn><Cd>PMNT</Cd><Fmly><Cd>RCDT</Cd><SubFmlyCd>AUTT</SubFmlyCd></Fmly></Domn></BkTxCd><NtryDtls><Btch><NbOfTxs>1</NbOfTxs></Btch><TxDtls><Refs><MsgId>TWINT20220721-101-Merchant</MsgId><AcctSvcrRef>220722CH08ZAORXC</AcctSvcrRef><PmtInfId>TWINT20220721-101-Merchant-B1</PmtInfId><InstrId>5ffd1998dca14ebab3d25bc6f8fec016</InstrId><EndToEndId>TWINT20220721-101-Merchant-B1</EndToEndId><Prtry><Tp>00</Tp><Ref>220722CH08ZAORXC</Ref></Prtry></Refs><Amt Ccy="CHF">5013.55</Amt><CdtDbtInd>CRDT</CdtDbtInd><BkTxCd><Domn><Cd>PMNT</Cd><Fmly><Cd>RCDT</Cd><SubFmlyCd>AUTT</SubFmlyCd></Fmly></Domn></BkTxCd><RltdPties><Dbtr><Nm>TWINT Acquiring AG</Nm><PstlAdr><StrtNm>Stauffacherstrasse</StrtNm><BldgNb>41</BldgNb><PstCd>8004</PstCd><TwnNm>Zürich</TwnNm><Ctry>CH</Ctry></PstlAdr></Dbtr><DbtrAcct><Id><IBAN>CH6609000000313087410</IBAN></Id></DbtrAcct><CdtrAcct><Id><IBAN>CH9209000000414939852</IBAN></Id></CdtrAcct></RltdPties><RltdAgts><DbtrAgt><FinInstnId><BICFI>POFICHBEXXX</BICFI><Nm>POSTFINANCE AG</Nm><PstlAdr><AdrLine>MINGERSTRASSE , 20</AdrLine><AdrLine>3030 BERN</AdrLine></PstlAdr></FinInstnId></DbtrAgt></RltdAgts><RmtInf><Ustrd>999999 TWINT TWINT Auszahlungen Pay</Ustrd><Ustrd>out 20220722                       </Ustrd><Ustrd>   Gross: 5079.60 Fees: -66.05</Ustrd><Strd><AddtlRmtInf>?REJECT?0</AddtlRmtInf><AddtlRmtInf>?ERROR?000</AddtlRmtInf></Strd></RmtInf><RltdDts><AccptncDtTm>2022-07-25T20:00:00</AccptncDtTm></RltdDts></TxDtls></NtryDtls><AddtlNtryInf>GUTSCHRIFT CH6609000000313087410 ABSENDER: TWINT Acquiring AG Stauffacherstrasse 41 8004 Zürich MITTEILUNGEN: 999999 TWINT TWINT Auszahlungen Pay out 20220722                           Gross: 5079.60 Fees: -66.05 REFERENZEN: TWINT20220721-101-Merchant-B1</AddtlNtryInf></Ntry><Ntry><Amt Ccy="CHF">631.50</Amt><CdtDbtInd>CRDT</CdtDbtInd><RvslInd>false</RvslInd><Sts>BOOK</Sts><BookgDt><Dt>2022-07-25</Dt></BookgDt><ValDt><Dt>2022-07-25</Dt></ValDt><AcctSvcrRef>206220108ZJ8IWOK</AcctSvcrRef><BkTxCd><Domn><Cd>PMNT</Cd><Fmly><Cd>RCDT</Cd><SubFmlyCd>ATXN</SubFmlyCd></Fmly></Domn></BkTxCd><NtryDtls><Btch><NbOfTxs>1</NbOfTxs></Btch><TxDtls><Refs><AcctSvcrRef>220725CH08ZJ8IWO</AcctSvcrRef><InstrId>LON03238425279</InstrId><EndToEndId>NOTPROVIDED</EndToEndId><Prtry><Tp>00</Tp><Ref>220725CH08ZJ8IWO</Ref></Prtry></Refs><Amt Ccy="CHF">631.50</Amt><CdtDbtInd>CRDT</CdtDbtInd><BkTxCd><Domn><Cd>PMNT</Cd><Fmly><Cd>RCDT</Cd><SubFmlyCd>ATXN</SubFmlyCd></Fmly></Domn></BkTxCd><RltdPties><Dbtr><Nm>STRIPE PAYMENTS UK LTD</Nm><PstlAdr><AdrLine>9TH FLOOR, 107 CHEAPSIDE GB - LONDO</AdrLine><AdrLine>N EC2V 6DN</AdrLine></PstlAdr></Dbtr><DbtrAcct><Id><IBAN>DK6289000000010375</IBAN></Id></DbtrAcct><CdtrAcct><Id><IBAN>CH9209000000414939852</IBAN></Id></CdtrAcct></RltdPties><RltdAgts><DbtrAgt><FinInstnId><BICFI>CITIGB2LXXX</BICFI><Nm>CITIBANK N.A.</Nm><PstlAdr><AdrLine>CITIBANK CENTRE25 CANADA SQUARE</AdrLine><AdrLine>E14 5LB LONDON</AdrLine></PstlAdr></FinInstnId></DbtrAgt></RltdAgts><RmtInf><Ustrd>STRIPE D8W1C3</Ustrd><Strd><AddtlRmtInf>?REJECT?0</AddtlRmtInf><AddtlRmtInf>?ERROR?000</AddtlRmtInf></Strd></RmtInf><RltdDts><AccptncDtTm>2022-07-25T20:00:00</AccptncDtTm></RltdDts></TxDtls></NtryDtls><AddtlNtryInf>GUTSCHRIFT AUFTRAGGEBER: STRIPE PAYMENTS UK LTD 9TH FLOOR, 107 CHEAPSIDE GB - LONDO N EC2V 6DN MITTEILUNGEN: STRIPE D8W1C3 SPESENBETRAG 0.00 CHF SHA REFERENZEN: NOTPROVIDED LON03238425279 220725CH08ZJ8IWO</AddtlNtryInf></Ntry><Ntry><Amt Ccy="CHF">78.80</Amt><CdtDbtInd>CRDT</CdtDbtInd><RvslInd>false</RvslInd><Sts>BOOK</Sts><BookgDt><Dt>2022-07-25</Dt></BookgDt><ValDt><Dt>2022-07-25</Dt></ValDt><AcctSvcrRef>206220108ZLI3KPK</AcctSvcrRef><BkTxCd><Domn><Cd>PMNT</Cd><Fmly><Cd>RCDT</Cd><SubFmlyCd>ATXN</SubFmlyCd></Fmly></Domn></BkTxCd><NtryDtls><Btch><NbOfTxs>1</NbOfTxs></Btch><TxDtls><Refs><AcctSvcrRef>220725CH08ZLI3KP</AcctSvcrRef><InstrId>9901706E66624191</InstrId><EndToEndId>CONCA00000004743</EndToEndId><Prtry><Tp>00</Tp><Ref>220725CH08ZLI3KP</Ref></Prtry></Refs><Amt Ccy="CHF">78.80</Amt><CdtDbtInd>CRDT</CdtDbtInd><BkTxCd><Domn><Cd>PMNT</Cd><Fmly><Cd>RCDT</Cd><SubFmlyCd>ATXN</SubFmlyCd></Fmly></Domn></BkTxCd><RltdPties><Dbtr><Nm>CONCARDIS GMBH</Nm><PstlAdr><AdrLine>HELFMANN PARK 7 DE 65760 ESCHBORN</AdrLine></PstlAdr></Dbtr><DbtrAcct><Id><IBAN>CH830023023065770601M</IBAN></Id></DbtrAcct><CdtrAcct><Id><IBAN>CH9209000000414939852</IBAN></Id></CdtrAcct></RltdPties><RltdAgts><DbtrAgt><FinInstnId><ClrSysMmbId><MmbId>230</MmbId></ClrSysMmbId><Nm>UBS Switzerland AG</Nm><PstlAdr><AdrLine>Bahnhofstrasse 45</AdrLine><AdrLine>8098 Zürich</AdrLine></PstlAdr></FinInstnId></DbtrAgt></RltdAgts><RmtInf><Ustrd>VI:DAT13.07.22:ZAHL-NR000016:BRUTTO</Ustrd><Ustrd>79,90:KOM1,10:VP146589314:FIL:TRX1</Ustrd><Strd><AddtlRmtInf>?REJECT?0</AddtlRmtInf><AddtlRmtInf>?ERROR?000</AddtlRmtInf></Strd></RmtInf><RltdDts><AccptncDtTm>2022-07-25T20:00:00</AccptncDtTm></RltdDts></TxDtls></NtryDtls><AddtlNtryInf>GUTSCHRIFT AUFTRAGGEBER: CONCARDIS GMBH HELFMANN PARK 7 DE 65760 ESCHBORN MITTEILUNGEN: VI:DAT13.07.22:ZAHL-NR000016:BRUTTO 79,90:KOM1,10:VP146589314:FIL:TRX1 SPESENBETRAG 0.00 CHF SHA REFERENZEN: CONCA00000004743 9901706E66624191 220725CH08ZLI3KP</AddtlNtryInf></Ntry><Ntry><Amt Ccy="CHF">536.60</Amt><CdtDbtInd>CRDT</CdtDbtInd><RvslInd>false</RvslInd><Sts>BOOK</Sts><BookgDt><Dt>2022-07-25</Dt></BookgDt><ValDt><Dt>2022-07-25</Dt></ValDt><AcctSvcrRef>206220108ZLHXS7K</AcctSvcrRef><BkTxCd><Domn><Cd>PMNT</Cd><Fmly><Cd>RCDT</Cd><SubFmlyCd>ATXN</SubFmlyCd></Fmly></Domn></BkTxCd><NtryDtls><Btch><NbOfTxs>1</NbOfTxs></Btch><TxDtls><Refs><AcctSvcrRef>220725CH08ZLHXS7</AcctSvcrRef><InstrId>9901706E66624190</InstrId><EndToEndId>CONCA00000004742</EndToEndId><Prtry><Tp>00</Tp><Ref>220725CH08ZLHXS7</Ref></Prtry></Refs><Amt Ccy="CHF">536.60</Amt><CdtDbtInd>CRDT</CdtDbtInd><BkTxCd><Domn><Cd>PMNT</Cd><Fmly><Cd>RCDT</Cd><SubFmlyCd>ATXN</SubFmlyCd></Fmly></Domn></BkTxCd><RltdPties><Dbtr><Nm>CONCARDIS GMBH</Nm><PstlAdr><AdrLine>HELFMANN PARK 7 DE 65760 ESCHBORN</AdrLine></PstlAdr></Dbtr><DbtrAcct><Id><IBAN>CH830023023065770601M</IBAN></Id></DbtrAcct><CdtrAcct><Id><IBAN>CH9209000000414939852</IBAN></Id></CdtrAcct></RltdPties><RltdAgts><DbtrAgt><FinInstnId><ClrSysMmbId><MmbId>230</MmbId></ClrSysMmbId><Nm>UBS Switzerland AG</Nm><PstlAdr><AdrLine>Bahnhofstrasse 45</AdrLine><AdrLine>8098 Zürich</AdrLine></PstlAdr></FinInstnId></DbtrAgt></RltdAgts><RmtInf><Ustrd>MC:DAT13.07.22:ZAHL-NR000015:BRUTTO</Ustrd><Ustrd>544,40:KOM7,80:VP156589312:FIL:TRX6</Ustrd><Strd><AddtlRmtInf>?REJECT?0</AddtlRmtInf><AddtlRmtInf>?ERROR?000</AddtlRmtInf></Strd></RmtInf><RltdDts><AccptncDtTm>2022-07-25T20:00:00</AccptncDtTm></RltdDts></TxDtls></NtryDtls><AddtlNtryInf>GUTSCHRIFT AUFTRAGGEBER: CONCARDIS GMBH HELFMANN PARK 7 DE 65760 ESCHBORN MITTEILUNGEN: MC:DAT13.07.22:ZAHL-NR000015:BRUTTO 544,40:KOM7,80:VP156589312:FIL:TRX6 SPESENBETRAG 0.00 CHF SHA REFERENZEN: CONCA00000004742 9901706E66624190 220725CH08ZLHXS7</AddtlNtryInf></Ntry><Ntry><Amt Ccy="CHF">571.36</Amt><CdtDbtInd>CRDT</CdtDbtInd><RvslInd>false</RvslInd><Sts>BOOK</Sts><BookgDt><Dt>2022-07-25</Dt></BookgDt><ValDt><Dt>2022-07-25</Dt></ValDt><AcctSvcrRef>206220108ZLI2CFK</AcctSvcrRef><BkTxCd><Domn><Cd>PMNT</Cd><Fmly><Cd>RCDT</Cd><SubFmlyCd>ATXN</SubFmlyCd></Fmly></Domn></BkTxCd><NtryDtls><Btch><NbOfTxs>1</NbOfTxs></Btch><TxDtls><Refs><AcctSvcrRef>220725CH08ZLI2CF</AcctSvcrRef><InstrId>9901706E66624189</InstrId><EndToEndId>CONCA00000004741</EndToEndId><Prtry><Tp>00</Tp><Ref>220725CH08ZLI2CF</Ref></Prtry></Refs><Amt Ccy="CHF">571.36</Amt><CdtDbtInd>CRDT</CdtDbtInd><BkTxCd><Domn><Cd>PMNT</Cd><Fmly><Cd>RCDT</Cd><SubFmlyCd>ATXN</SubFmlyCd></Fmly></Domn></BkTxCd><RltdPties><Dbtr><Nm>CONCARDIS GMBH</Nm><PstlAdr><AdrLine>HELFMANN PARK 7 DE 65760 ESCHBORN</AdrLine></PstlAdr></Dbtr><DbtrAcct><Id><IBAN>CH830023023065770601M</IBAN></Id></DbtrAcct><CdtrAcct><Id><IBAN>CH9209000000414939852</IBAN></Id></CdtrAcct></RltdPties><RltdAgts><DbtrAgt><FinInstnId><ClrSysMmbId><MmbId>230</MmbId></ClrSysMmbId><Nm>UBS Switzerland AG</Nm><PstlAdr><AdrLine>Bahnhofstrasse 45</AdrLine><AdrLine>8098 Zürich</AdrLine></PstlAdr></FinInstnId></DbtrAgt></RltdAgts><RmtInf><Ustrd>VI:DAT13.07.22:ZAHL-NR000003:BRUTTO</Ustrd><Ustrd>579,00:KOM7,64:VP146589190:FIL:TRX1</Ustrd><Strd><AddtlRmtInf>?REJECT?0</AddtlRmtInf><AddtlRmtInf>?ERROR?000</AddtlRmtInf></Strd></RmtInf><RltdDts><AccptncDtTm>2022-07-25T20:00:00</AccptncDtTm></RltdDts></TxDtls></NtryDtls><AddtlNtryInf>GUTSCHRIFT AUFTRAGGEBER: CONCARDIS GMBH HELFMANN PARK 7 DE 65760 ESCHBORN MITTEILUNGEN: VI:DAT13.07.22:ZAHL-NR000003:BRUTTO 579,00:KOM7,64:VP146589190:FIL:TRX1 SPESENBETRAG 0.00 CHF SHA REFERENZEN: CONCA00000004741 9901706E66624189 220725CH08ZLI2CF</AddtlNtryInf></Ntry><Ntry><Amt Ccy="CHF">58.46</Amt><CdtDbtInd>CRDT</CdtDbtInd><RvslInd>false</RvslInd><Sts>BOOK</Sts><BookgDt><Dt>2022-07-25</Dt></BookgDt><ValDt><Dt>2022-07-25</Dt></ValDt><AcctSvcrRef>206220108ZLHZCGK</AcctSvcrRef><BkTxCd><Domn><Cd>PMNT</Cd><Fmly><Cd>RCDT</Cd><SubFmlyCd>ATXN</SubFmlyCd></Fmly></Domn></BkTxCd><NtryDtls><Btch><NbOfTxs>1</NbOfTxs></Btch><TxDtls><Refs><AcctSvcrRef>220725CH08ZLHZCG</AcctSvcrRef><InstrId>9901706E66624192</InstrId><EndToEndId>CONCA00000004744</EndToEndId><Prtry><Tp>00</Tp><Ref>220725CH08ZLHZCG</Ref></Prtry></Refs><Amt Ccy="CHF">58.46</Amt><CdtDbtInd>CRDT</CdtDbtInd><BkTxCd><Domn><Cd>PMNT</Cd><Fmly><Cd>RCDT</Cd><SubFmlyCd>ATXN</SubFmlyCd></Fmly></Domn></BkTxCd><RltdPties><Dbtr><Nm>CONCARDIS GMBH</Nm><PstlAdr><AdrLine>HELFMANN PARK 7 DE 65760 ESCHBORN</AdrLine></PstlAdr></Dbtr><DbtrAcct><Id><IBAN>CH830023023065770601M</IBAN></Id></DbtrAcct><CdtrAcct><Id><IBAN>CH9209000000414939852</IBAN></Id></CdtrAcct></RltdPties><RltdAgts><DbtrAgt><FinInstnId><ClrSysMmbId><MmbId>230</MmbId></ClrSysMmbId><Nm>UBS Switzerland AG</Nm><PstlAdr><AdrLine>Bahnhofstrasse 45</AdrLine><AdrLine>8098 Zürich</AdrLine></PstlAdr></FinInstnId></DbtrAgt></RltdAgts><RmtInf><Ustrd>MC:DAT13.07.22:ZAHL-NR000007:BRUTTO</Ustrd><Ustrd>59,33:KOM0,87:VP156589338:FIL:TRX2</Ustrd><Strd><AddtlRmtInf>?REJECT?0</AddtlRmtInf><AddtlRmtInf>?ERROR?000</AddtlRmtInf></Strd></RmtInf><RltdDts><AccptncDtTm>2022-07-25T20:00:00</AccptncDtTm></RltdDts></TxDtls></NtryDtls><AddtlNtryInf>GUTSCHRIFT AUFTRAGGEBER: CONCARDIS GMBH HELFMANN PARK 7 DE 65760 ESCHBORN MITTEILUNGEN: MC:DAT13.07.22:ZAHL-NR000007:BRUTTO 59,33:KOM0,87:VP156589338:FIL:TRX2 SPESENBETRAG 0.00 CHF SHA REFERENZEN: CONCA00000004744 9901706E66624192 220725CH08ZLHZCG</AddtlNtryInf></Ntry><Ntry><Amt Ccy="CHF">226.39</Amt><CdtDbtInd>CRDT</CdtDbtInd><RvslInd>false</RvslInd><Sts>BOOK</Sts><BookgDt><Dt>2022-07-25</Dt></BookgDt><ValDt><Dt>2022-07-25</Dt></ValDt><AcctSvcrRef>206220108ZLI09OK</AcctSvcrRef><BkTxCd><Domn><Cd>PMNT</Cd><Fmly><Cd>RCDT</Cd><SubFmlyCd>ATXN</SubFmlyCd></Fmly></Domn></BkTxCd><NtryDtls><Btch><NbOfTxs>1</NbOfTxs></Btch><TxDtls><Refs><AcctSvcrRef>220725CH08ZLI09O</AcctSvcrRef><InstrId>9901706E66624196</InstrId><EndToEndId>CONCA00000004748</EndToEndId><Prtry><Tp>00</Tp><Ref>220725CH08ZLI09O</Ref></Prtry></Refs><Amt Ccy="CHF">226.39</Amt><CdtDbtInd>CRDT</CdtDbtInd><BkTxCd><Domn><Cd>PMNT</Cd><Fmly><Cd>RCDT</Cd><SubFmlyCd>ATXN</SubFmlyCd></Fmly></Domn></BkTxCd><RltdPties><Dbtr><Nm>CONCARDIS GMBH</Nm><PstlAdr><AdrLine>HELFMANN PARK 7 DE 65760 ESCHBORN</AdrLine></PstlAdr></Dbtr><DbtrAcct><Id><IBAN>CH830023023065770601M</IBAN></Id></DbtrAcct><CdtrAcct><Id><IBAN>CH9209000000414939852</IBAN></Id></CdtrAcct></RltdPties><RltdAgts><DbtrAgt><FinInstnId><ClrSysMmbId><MmbId>230</MmbId></ClrSysMmbId><Nm>UBS Switzerland AG</Nm><PstlAdr><AdrLine>Bahnhofstrasse 45</AdrLine><AdrLine>8098 Zürich</AdrLine></PstlAdr></FinInstnId></DbtrAgt></RltdAgts><RmtInf><Ustrd>VI:DAT13.07.22:ZAHL-NR000012:BRUTTO</Ustrd><Ustrd>229,50:KOM3,11:VP146589364:FIL:TRX2</Ustrd><Strd><AddtlRmtInf>?REJECT?0</AddtlRmtInf><AddtlRmtInf>?ERROR?000</AddtlRmtInf></Strd></RmtInf><RltdDts><AccptncDtTm>2022-07-25T20:00:00</AccptncDtTm></RltdDts></TxDtls></NtryDtls><AddtlNtryInf>GUTSCHRIFT AUFTRAGGEBER: CONCARDIS GMBH HELFMANN PARK 7 DE 65760 ESCHBORN MITTEILUNGEN: VI:DAT13.07.22:ZAHL-NR000012:BRUTTO 229,50:KOM3,11:VP146589364:FIL:TRX2 SPESENBETRAG 0.00 CHF SHA REFERENZEN: CONCA00000004748 9901706E66624196 220725CH08ZLI09O</AddtlNtryInf></Ntry><Ntry><Amt Ccy="CHF">98.47</Amt><CdtDbtInd>CRDT</CdtDbtInd><RvslInd>false</RvslInd><Sts>BOOK</Sts><BookgDt><Dt>2022-07-25</Dt></BookgDt><ValDt><Dt>2022-07-25</Dt></ValDt><AcctSvcrRef>206220108ZLI54XK</AcctSvcrRef><BkTxCd><Domn><Cd>PMNT</Cd><Fmly><Cd>RCDT</Cd><SubFmlyCd>ATXN</SubFmlyCd></Fmly></Domn></BkTxCd><NtryDtls><Btch><NbOfTxs>1</NbOfTxs></Btch><TxDtls><Refs><AcctSvcrRef>220725CH08ZLI54X</AcctSvcrRef><InstrId>9901706E66624194</InstrId><EndToEndId>CONCA00000004746</EndToEndId><Prtry><Tp>00</Tp><Ref>220725CH08ZLI54X</Ref></Prtry></Refs><Amt Ccy="CHF">98.47</Amt><CdtDbtInd>CRDT</CdtDbtInd><BkTxCd><Domn><Cd>PMNT</Cd><Fmly><Cd>RCDT</Cd><SubFmlyCd>ATXN</SubFmlyCd></Fmly></Domn></BkTxCd><RltdPties><Dbtr><Nm>CONCARDIS GMBH</Nm><PstlAdr><AdrLine>HELFMANN PARK 7 DE 65760 ESCHBORN</AdrLine></PstlAdr></Dbtr><DbtrAcct><Id><IBAN>CH830023023065770601M</IBAN></Id></DbtrAcct><CdtrAcct><Id><IBAN>CH9209000000414939852</IBAN></Id></CdtrAcct></RltdPties><RltdAgts><DbtrAgt><FinInstnId><ClrSysMmbId><MmbId>230</MmbId></ClrSysMmbId><Nm>UBS Switzerland AG</Nm><PstlAdr><AdrLine>Bahnhofstrasse 45</AdrLine><AdrLine>8098 Zürich</AdrLine></PstlAdr></FinInstnId></DbtrAgt></RltdAgts><RmtInf><Ustrd>MC:DAT13.07.22:ZAHL-NR000008:BRUTTO</Ustrd><Ustrd>99,90:KOM1,43:VP156589354:FIL:TRX2</Ustrd><Strd><AddtlRmtInf>?REJECT?0</AddtlRmtInf><AddtlRmtInf>?ERROR?000</AddtlRmtInf></Strd></RmtInf><RltdDts><AccptncDtTm>2022-07-25T20:00:00</AccptncDtTm></RltdDts></TxDtls></NtryDtls><AddtlNtryInf>GUTSCHRIFT AUFTRAGGEBER: CONCARDIS GMBH HELFMANN PARK 7 DE 65760 ESCHBORN MITTEILUNGEN: MC:DAT13.07.22:ZAHL-NR000008:BRUTTO 99,90:KOM1,43:VP156589354:FIL:TRX2 SPESENBETRAG 0.00 CHF SHA REFERENZEN: CONCA00000004746 9901706E66624194 220725CH08ZLI54X</AddtlNtryInf></Ntry><Ntry><Amt Ccy="CHF">118.09</Amt><CdtDbtInd>CRDT</CdtDbtInd><RvslInd>false</RvslInd><Sts>BOOK</Sts><BookgDt><Dt>2022-07-25</Dt></BookgDt><ValDt><Dt>2022-07-25</Dt></ValDt><AcctSvcrRef>206220108ZLI2UAK</AcctSvcrRef><BkTxCd><Domn><Cd>PMNT</Cd><Fmly><Cd>RCDT</Cd><SubFmlyCd>ATXN</SubFmlyCd></Fmly></Domn></BkTxCd><NtryDtls><Btch><NbOfTxs>1</NbOfTxs></Btch><TxDtls><Refs><AcctSvcrRef>220725CH08ZLI2UA</AcctSvcrRef><InstrId>9901706E66624153</InstrId><EndToEndId>CONCA00000004705</EndToEndId><Prtry><Tp>00</Tp><Ref>220725CH08ZLI2UA</Ref></Prtry></Refs><Amt Ccy="CHF">118.09</Amt><CdtDbtInd>CRDT</CdtDbtInd><BkTxCd><Domn><Cd>PMNT</Cd><Fmly><Cd>RCDT</Cd><SubFmlyCd>ATXN</SubFmlyCd></Fmly></Domn></BkTxCd><RltdPties><Dbtr><Nm>CONCARDIS GMBH</Nm><PstlAdr><AdrLine>HELFMANN PARK 7 DE 65760 ESCHBORN</AdrLine></PstlAdr></Dbtr><DbtrAcct><Id><IBAN>CH830023023065770601M</IBAN></Id></DbtrAcct><CdtrAcct><Id><IBAN>CH9209000000414939852</IBAN></Id></CdtrAcct></RltdPties><RltdAgts><DbtrAgt><FinInstnId><ClrSysMmbId><MmbId>230</MmbId></ClrSysMmbId><Nm>UBS Switzerland AG</Nm><PstlAdr><AdrLine>Bahnhofstrasse 45</AdrLine><AdrLine>8098 Zürich</AdrLine></PstlAdr></FinInstnId></DbtrAgt></RltdAgts><RmtInf><Ustrd>MC:DAT13.07.22:ZAHL-NR000014:BRUTTO</Ustrd><Ustrd>119,80:KOM1,71:VP156581201:FIL:TRX3</Ustrd><Strd><AddtlRmtInf>?REJECT?0</AddtlRmtInf><AddtlRmtInf>?ERROR?000</AddtlRmtInf></Strd></RmtInf><RltdDts><AccptncDtTm>2022-07-25T20:00:00</AccptncDtTm></RltdDts></TxDtls></NtryDtls><AddtlNtryInf>GUTSCHRIFT AUFTRAGGEBER: CONCARDIS GMBH HELFMANN PARK 7 DE 65760 ESCHBORN MITTEILUNGEN: MC:DAT13.07.22:ZAHL-NR000014:BRUTTO 119,80:KOM1,71:VP156581201:FIL:TRX3 SPESENBETRAG 0.00 CHF SHA REFERENZEN: CONCA00000004705 9901706E66624153 220725CH08ZLI2UA</AddtlNtryInf></Ntry><Ntry><Amt Ccy="CHF">40.69</Amt><CdtDbtInd>CRDT</CdtDbtInd><RvslInd>false</RvslInd><Sts>BOOK</Sts><BookgDt><Dt>2022-07-25</Dt></BookgDt><ValDt><Dt>2022-07-25</Dt></ValDt><AcctSvcrRef>206220108ZLHX0PK</AcctSvcrRef><BkTxCd><Domn><Cd>PMNT</Cd><Fmly><Cd>RCDT</Cd><SubFmlyCd>ATXN</SubFmlyCd></Fmly></Domn></BkTxCd><NtryDtls><Btch><NbOfTxs>1</NbOfTxs></Btch><TxDtls><Refs><AcctSvcrRef>220725CH08ZLHX0P</AcctSvcrRef><InstrId>9901706E66624199</InstrId><EndToEndId>CONCA00000004751</EndToEndId><Prtry><Tp>00</Tp><Ref>220725CH08ZLHX0P</Ref></Prtry></Refs><Amt Ccy="CHF">40.69</Amt><CdtDbtInd>CRDT</CdtDbtInd><BkTxCd><Domn><Cd>PMNT</Cd><Fmly><Cd>RCDT</Cd><SubFmlyCd>ATXN</SubFmlyCd></Fmly></Domn></BkTxCd><RltdPties><Dbtr><Nm>CONCARDIS GMBH</Nm><PstlAdr><AdrLine>HELFMANN PARK 7 DE 65760 ESCHBORN</AdrLine></PstlAdr></Dbtr><DbtrAcct><Id><IBAN>CH830023023065770601M</IBAN></Id></DbtrAcct><CdtrAcct><Id><IBAN>CH9209000000414939852</IBAN></Id></CdtrAcct></RltdPties><RltdAgts><DbtrAgt><FinInstnId><ClrSysMmbId><MmbId>230</MmbId></ClrSysMmbId><Nm>UBS Switzerland AG</Nm><PstlAdr><AdrLine>Bahnhofstrasse 45</AdrLine><AdrLine>8098 Zürich</AdrLine></PstlAdr></FinInstnId></DbtrAgt></RltdAgts><RmtInf><Ustrd>MC:DAT13.07.22:ZAHL-NR000003:BRUTTO</Ustrd><Ustrd>41,30:KOM0,61:VP156589495:FIL:TRX2</Ustrd><Strd><AddtlRmtInf>?REJECT?0</AddtlRmtInf><AddtlRmtInf>?ERROR?000</AddtlRmtInf></Strd></RmtInf><RltdDts><AccptncDtTm>2022-07-25T20:00:00</AccptncDtTm></RltdDts></TxDtls></NtryDtls><AddtlNtryInf>GUTSCHRIFT AUFTRAGGEBER: CONCARDIS GMBH HELFMANN PARK 7 DE 65760 ESCHBORN MITTEILUNGEN: MC:DAT13.07.22:ZAHL-NR000003:BRUTTO 41,30:KOM0,61:VP156589495:FIL:TRX2 SPESENBETRAG 0.00 CHF SHA REFERENZEN: CONCA00000004751 9901706E66624199 220725CH08ZLHX0P</AddtlNtryInf></Ntry><Ntry><Amt Ccy="CHF">29.46</Amt><CdtDbtInd>CRDT</CdtDbtInd><RvslInd>false</RvslInd><Sts>BOOK</Sts><BookgDt><Dt>2022-07-25</Dt></BookgDt><ValDt><Dt>2022-07-25</Dt></ValDt><AcctSvcrRef>206220108ZLHZLEK</AcctSvcrRef><BkTxCd><Domn><Cd>PMNT</Cd><Fmly><Cd>RCDT</Cd><SubFmlyCd>ATXN</SubFmlyCd></Fmly></Domn></BkTxCd><NtryDtls><Btch><NbOfTxs>1</NbOfTxs></Btch><TxDtls><Refs><AcctSvcrRef>220725CH08ZLHZLE</AcctSvcrRef><InstrId>9901706E66624198</InstrId><EndToEndId>CONCA00000004750</EndToEndId><Prtry><Tp>00</Tp><Ref>220725CH08ZLHZLE</Ref></Prtry></Refs><Amt Ccy="CHF">29.46</Amt><CdtDbtInd>CRDT</CdtDbtInd><BkTxCd><Domn><Cd>PMNT</Cd><Fmly><Cd>RCDT</Cd><SubFmlyCd>ATXN</SubFmlyCd></Fmly></Domn></BkTxCd><RltdPties><Dbtr><Nm>CONCARDIS GMBH</Nm><PstlAdr><AdrLine>HELFMANN PARK 7 DE 65760 ESCHBORN</AdrLine></PstlAdr></Dbtr><DbtrAcct><Id><IBAN>CH830023023065770601M</IBAN></Id></DbtrAcct><CdtrAcct><Id><IBAN>CH9209000000414939852</IBAN></Id></CdtrAcct></RltdPties><RltdAgts><DbtrAgt><FinInstnId><ClrSysMmbId><MmbId>230</MmbId></ClrSysMmbId><Nm>UBS Switzerland AG</Nm><PstlAdr><AdrLine>Bahnhofstrasse 45</AdrLine><AdrLine>8098 Zürich</AdrLine></PstlAdr></FinInstnId></DbtrAgt></RltdAgts><RmtInf><Ustrd>VI:DAT13.07.22:ZAHL-NR000007:BRUTTO</Ustrd><Ustrd>29,90:KOM0,44:VP146589380:FIL:TRX1</Ustrd><Strd><AddtlRmtInf>?REJECT?0</AddtlRmtInf><AddtlRmtInf>?ERROR?000</AddtlRmtInf></Strd></RmtInf><RltdDts><AccptncDtTm>2022-07-25T20:00:00</AccptncDtTm></RltdDts></TxDtls></NtryDtls><AddtlNtryInf>GUTSCHRIFT AUFTRAGGEBER: CONCARDIS GMBH HELFMANN PARK 7 DE 65760 ESCHBORN MITTEILUNGEN: VI:DAT13.07.22:ZAHL-NR000007:BRUTTO 29,90:KOM0,44:VP146589380:FIL:TRX1 SPESENBETRAG 0.00 CHF SHA REFERENZEN: CONCA00000004750 9901706E66624198 220725CH08ZLHZLE</AddtlNtryInf></Ntry><Ntry><Amt Ccy="CHF">98.47</Amt><CdtDbtInd>CRDT</CdtDbtInd><RvslInd>false</RvslInd><Sts>BOOK</Sts><BookgDt><Dt>2022-07-25</Dt></BookgDt><ValDt><Dt>2022-07-25</Dt></ValDt><AcctSvcrRef>206220108ZLI354K</AcctSvcrRef><BkTxCd><Domn><Cd>PMNT</Cd><Fmly><Cd>RCDT</Cd><SubFmlyCd>ATXN</SubFmlyCd></Fmly></Domn></BkTxCd><NtryDtls><Btch><NbOfTxs>1</NbOfTxs></Btch><TxDtls><Refs><AcctSvcrRef>220725CH08ZLI354</AcctSvcrRef><InstrId>9901706E66624195</InstrId><EndToEndId>CONCA00000004747</EndToEndId><Prtry><Tp>00</Tp><Ref>220725CH08ZLI354</Ref></Prtry></Refs><Amt Ccy="CHF">98.47</Amt><CdtDbtInd>CRDT</CdtDbtInd><BkTxCd><Domn><Cd>PMNT</Cd><Fmly><Cd>RCDT</Cd><SubFmlyCd>ATXN</SubFmlyCd></Fmly></Domn></BkTxCd><RltdPties><Dbtr><Nm>CONCARDIS GMBH</Nm><PstlAdr><AdrLine>HELFMANN PARK 7 DE 65760 ESCHBORN</AdrLine></PstlAdr></Dbtr><DbtrAcct><Id><IBAN>CH830023023065770601M</IBAN></Id></DbtrAcct><CdtrAcct><Id><IBAN>CH9209000000414939852</IBAN></Id></CdtrAcct></RltdPties><RltdAgts><DbtrAgt><FinInstnId><ClrSysMmbId><MmbId>230</MmbId></ClrSysMmbId><Nm>UBS Switzerland AG</Nm><PstlAdr><AdrLine>Bahnhofstrasse 45</AdrLine><AdrLine>8098 Zürich</AdrLine></PstlAdr></FinInstnId></DbtrAgt></RltdAgts><RmtInf><Ustrd>MC:DAT13.07.22:ZAHL-NR000011:BRUTTO</Ustrd><Ustrd>99,90:KOM1,43:VP156589362:FIL:TRX2</Ustrd><Strd><AddtlRmtInf>?REJECT?0</AddtlRmtInf><AddtlRmtInf>?ERROR?000</AddtlRmtInf></Strd></RmtInf><RltdDts><AccptncDtTm>2022-07-25T20:00:00</AccptncDtTm></RltdDts></TxDtls></NtryDtls><AddtlNtryInf>GUTSCHRIFT AUFTRAGGEBER: CONCARDIS GMBH HELFMANN PARK 7 DE 65760 ESCHBORN MITTEILUNGEN: MC:DAT13.07.22:ZAHL-NR000011:BRUTTO 99,90:KOM1,43:VP156589362:FIL:TRX2 SPESENBETRAG 0.00 CHF SHA REFERENZEN: CONCA00000004747 9901706E66624195 220725CH08ZLI354</AddtlNtryInf></Ntry><Ntry><Amt Ccy="CHF">108.32</Amt><CdtDbtInd>CRDT</CdtDbtInd><RvslInd>false</RvslInd><Sts>BOOK</Sts><BookgDt><Dt>2022-07-25</Dt></BookgDt><ValDt><Dt>2022-07-25</Dt></ValDt><AcctSvcrRef>206220108ZLHZLFK</AcctSvcrRef><BkTxCd><Domn><Cd>PMNT</Cd><Fmly><Cd>RCDT</Cd><SubFmlyCd>ATXN</SubFmlyCd></Fmly></Domn></BkTxCd><NtryDtls><Btch><NbOfTxs>1</NbOfTxs></Btch><TxDtls><Refs><AcctSvcrRef>220725CH08ZLHZLF</AcctSvcrRef><InstrId>9901706E66624197</InstrId><EndToEndId>CONCA00000004749</EndToEndId><Prtry><Tp>00</Tp><Ref>220725CH08ZLHZLF</Ref></Prtry></Refs><Amt Ccy="CHF">108.32</Amt><CdtDbtInd>CRDT</CdtDbtInd><BkTxCd><Domn><Cd>PMNT</Cd><Fmly><Cd>RCDT</Cd><SubFmlyCd>ATXN</SubFmlyCd></Fmly></Domn></BkTxCd><RltdPties><Dbtr><Nm>CONCARDIS GMBH</Nm><PstlAdr><AdrLine>HELFMANN PARK 7 DE 65760 ESCHBORN</AdrLine></PstlAdr></Dbtr><DbtrAcct><Id><IBAN>CH830023023065770601M</IBAN></Id></DbtrAcct><CdtrAcct><Id><IBAN>CH9209000000414939852</IBAN></Id></CdtrAcct></RltdPties><RltdAgts><DbtrAgt><FinInstnId><ClrSysMmbId><MmbId>230</MmbId></ClrSysMmbId><Nm>UBS Switzerland AG</Nm><PstlAdr><AdrLine>Bahnhofstrasse 45</AdrLine><AdrLine>8098 Zürich</AdrLine></PstlAdr></FinInstnId></DbtrAgt></RltdAgts><RmtInf><Ustrd>MC:DAT13.07.22:ZAHL-NR000006:BRUTTO</Ustrd><Ustrd>109,90:KOM1,58:VP156589388:FIL:TRX2</Ustrd><Strd><AddtlRmtInf>?REJECT?0</AddtlRmtInf><AddtlRmtInf>?ERROR?000</AddtlRmtInf></Strd></RmtInf><RltdDts><AccptncDtTm>2022-07-25T20:00:00</AccptncDtTm></RltdDts></TxDtls></NtryDtls><AddtlNtryInf>GUTSCHRIFT AUFTRAGGEBER: CONCARDIS GMBH HELFMANN PARK 7 DE 65760 ESCHBORN MITTEILUNGEN: MC:DAT13.07.22:ZAHL-NR000006:BRUTTO 109,90:KOM1,58:VP156589388:FIL:TRX2 SPESENBETRAG 0.00 CHF SHA REFERENZEN: CONCA00000004749 9901706E66624197 220725CH08ZLHZLF</AddtlNtryInf></Ntry><Ntry><Amt Ccy="CHF">197.13</Amt><CdtDbtInd>CRDT</CdtDbtInd><RvslInd>false</RvslInd><Sts>BOOK</Sts><BookgDt><Dt>2022-07-25</Dt></BookgDt><ValDt><Dt>2022-07-25</Dt></ValDt><AcctSvcrRef>206220108ZLHYA0K</AcctSvcrRef><BkTxCd><Domn><Cd>PMNT</Cd><Fmly><Cd>RCDT</Cd><SubFmlyCd>ATXN</SubFmlyCd></Fmly></Domn></BkTxCd><NtryDtls><Btch><NbOfTxs>1</NbOfTxs></Btch><TxDtls><Refs><AcctSvcrRef>220725CH08ZLHYA0</AcctSvcrRef><InstrId>9901706E66624154</InstrId><EndToEndId>CONCA00000004706</EndToEndId><Prtry><Tp>00</Tp><Ref>220725CH08ZLHYA0</Ref></Prtry></Refs><Amt Ccy="CHF">197.13</Amt><CdtDbtInd>CRDT</CdtDbtInd><BkTxCd><Domn><Cd>PMNT</Cd><Fmly><Cd>RCDT</Cd><SubFmlyCd>ATXN</SubFmlyCd></Fmly></Domn></BkTxCd><RltdPties><Dbtr><Nm>CONCARDIS GMBH</Nm><PstlAdr><AdrLine>HELFMANN PARK 7 DE 65760 ESCHBORN</AdrLine></PstlAdr></Dbtr><DbtrAcct><Id><IBAN>CH830023023065770601M</IBAN></Id></DbtrAcct><CdtrAcct><Id><IBAN>CH9209000000414939852</IBAN></Id></CdtrAcct></RltdPties><RltdAgts><DbtrAgt><FinInstnId><ClrSysMmbId><MmbId>230</MmbId></ClrSysMmbId><Nm>UBS Switzerland AG</Nm><PstlAdr><AdrLine>Bahnhofstrasse 45</AdrLine><AdrLine>8098 Zürich</AdrLine></PstlAdr></FinInstnId></DbtrAgt></RltdAgts><RmtInf><Ustrd>VI:DAT13.07.22:ZAHL-NR000015:BRUTTO</Ustrd><Ustrd>199,80:KOM2,67:VP146581203:FIL:TRX1</Ustrd><Strd><AddtlRmtInf>?REJECT?0</AddtlRmtInf><AddtlRmtInf>?ERROR?000</AddtlRmtInf></Strd></RmtInf><RltdDts><AccptncDtTm>2022-07-25T20:00:00</AccptncDtTm></RltdDts></TxDtls></NtryDtls><AddtlNtryInf>GUTSCHRIFT AUFTRAGGEBER: CONCARDIS GMBH HELFMANN PARK 7 DE 65760 ESCHBORN MITTEILUNGEN: VI:DAT13.07.22:ZAHL-NR000015:BRUTTO 199,80:KOM2,67:VP146581203:FIL:TRX1 SPESENBETRAG 0.00 CHF SHA REFERENZEN: CONCA00000004706 9901706E66624154 220725CH08ZLHYA0</AddtlNtryInf></Ntry><Ntry><Amt Ccy="CHF">59.65</Amt><CdtDbtInd>CRDT</CdtDbtInd><RvslInd>false</RvslInd><Sts>BOOK</Sts><BookgDt><Dt>2022-07-25</Dt></BookgDt><ValDt><Dt>2022-07-25</Dt></ValDt><AcctSvcrRef>206220108ZLI196K</AcctSvcrRef><BkTxCd><Domn><Cd>PMNT</Cd><Fmly><Cd>RCDT</Cd><SubFmlyCd>ATXN</SubFmlyCd></Fmly></Domn></BkTxCd><NtryDtls><Btch><NbOfTxs>1</NbOfTxs></Btch><TxDtls><Refs><AcctSvcrRef>220725CH08ZLI196</AcctSvcrRef><InstrId>9901706E66624193</InstrId><EndToEndId>CONCA00000004745</EndToEndId><Prtry><Tp>00</Tp><Ref>220725CH08ZLI196</Ref></Prtry></Refs><Amt Ccy="CHF">59.65</Amt><CdtDbtInd>CRDT</CdtDbtInd><BkTxCd><Domn><Cd>PMNT</Cd><Fmly><Cd>RCDT</Cd><SubFmlyCd>ATXN</SubFmlyCd></Fmly></Domn></BkTxCd><RltdPties><Dbtr><Nm>CONCARDIS GMBH</Nm><PstlAdr><AdrLine>HELFMANN PARK 7 DE 65760 ESCHBORN</AdrLine></PstlAdr></Dbtr><DbtrAcct><Id><IBAN>CH830023023065770601M</IBAN></Id></DbtrAcct><CdtrAcct><Id><IBAN>CH9209000000414939852</IBAN></Id></CdtrAcct></RltdPties><RltdAgts><DbtrAgt><FinInstnId><ClrSysMmbId><MmbId>230</MmbId></ClrSysMmbId><Nm>UBS Switzerland AG</Nm><PstlAdr><AdrLine>Bahnhofstrasse 45</AdrLine><AdrLine>8098 Zürich</AdrLine></PstlAdr></FinInstnId></DbtrAgt></RltdAgts><RmtInf><Ustrd>VI:DAT13.07.22:ZAHL-NR000008:BRUTTO</Ustrd><Ustrd>60,50:KOM0,85:VP146589330:FIL:TRX1</Ustrd><Strd><AddtlRmtInf>?REJECT?0</AddtlRmtInf><AddtlRmtInf>?ERROR?000</AddtlRmtInf></Strd></RmtInf><RltdDts><AccptncDtTm>2022-07-25T20:00:00</AccptncDtTm></RltdDts></TxDtls></NtryDtls><AddtlNtryInf>GUTSCHRIFT AUFTRAGGEBER: CONCARDIS GMBH HELFMANN PARK 7 DE 65760 ESCHBORN MITTEILUNGEN: VI:DAT13.07.22:ZAHL-NR000008:BRUTTO 60,50:KOM0,85:VP146589330:FIL:TRX1 SPESENBETRAG 0.00 CHF SHA REFERENZEN: CONCA00000004745 9901706E66624193 220725CH08ZLI196</AddtlNtryInf></Ntry><Ntry><Amt Ccy="CHF">119.80</Amt><CdtDbtInd>CRDT</CdtDbtInd><RvslInd>false</RvslInd><Sts>BOOK</Sts><BookgDt><Dt>2022-07-25</Dt></BookgDt><ValDt><Dt>2022-07-25</Dt></ValDt><AcctSvcrRef>206220108ZMAIR3K</AcctSvcrRef><BkTxCd><Domn><Cd>PMNT</Cd><Fmly><Cd>RCDT</Cd><SubFmlyCd>ATXN</SubFmlyCd></Fmly></Domn></BkTxCd><NtryDtls><Btch><NbOfTxs>1</NbOfTxs></Btch><TxDtls><Refs><AcctSvcrRef>220725CH08ZMAIR3</AcctSvcrRef><InstrId>20725261158.0001</InstrId><EndToEndId>NOTPROVIDED</EndToEndId><Prtry><Tp>00</Tp><Ref>220725CH08ZMAIR3</Ref></Prtry></Refs><Amt Ccy="CHF">119.80</Amt><CdtDbtInd>CRDT</CdtDbtInd><BkTxCd><Domn><Cd>PMNT</Cd><Fmly><Cd>RCDT</Cd><SubFmlyCd>ATXN</SubFmlyCd></Fmly></Domn></BkTxCd><RltdPties><Dbtr><Nm>Raffaella Dichiera-Donataccio</Nm><PstlAdr><AdrLine>Mettlenstrasse 3</AdrLine><AdrLine>9523 Zueberwangen</AdrLine></PstlAdr></Dbtr><DbtrAcct><Id><IBAN>CH7306964680035965087</IBAN></Id></DbtrAcct><CdtrAcct><Id><IBAN>CH9209000000414939852</IBAN></Id></CdtrAcct></RltdPties><RltdAgts><DbtrAgt><FinInstnId><ClrSysMmbId><MmbId>6964</MmbId></ClrSysMmbId><Nm>Bank in Zuzwil</Nm><PstlAdr><AdrLine>Mitteldorfstrasse 48</AdrLine><AdrLine>9524 Zuzwil SG</AdrLine></PstlAdr></FinInstnId></DbtrAgt></RltdAgts><RmtInf><Strd><AddtlRmtInf>?REJECT?0</AddtlRmtInf><AddtlRmtInf>?ERROR?000</AddtlRmtInf></Strd></RmtInf><RltdDts><AccptncDtTm>2022-07-25T20:00:00</AccptncDtTm></RltdDts></TxDtls></NtryDtls><AddtlNtryInf>GUTSCHRIFT AUFTRAGGEBER: Raffaella Dichiera-Donataccio Mettlenstrasse 3 9523 Zueberwangen REFERENZEN: NOTPROVIDED 20725261158.0001 220725CH08ZMAIR3</AddtlNtryInf></Ntry><Ntry><NtryRef>CH4330000001414939852</NtryRef><Amt Ccy="CHF">10802.26</Amt><CdtDbtInd>CRDT</CdtDbtInd><RvslInd>false</RvslInd><Sts>BOOK</Sts><BookgDt><Dt>2022-07-25</Dt></BookgDt><ValDt><Dt>2022-07-25</Dt></ValDt><AcctSvcrRef>206220008ZO3X36U</AcctSvcrRef><BkTxCd><Domn><Cd>PMNT</Cd><Fmly><Cd>RCDT</Cd><SubFmlyCd>VCOM</SubFmlyCd></Fmly></Domn></BkTxCd><Chrgs><TtlChrgsAndTaxAmt Ccy="CHF">6.75</TtlChrgsAndTaxAmt><Rcrd><Amt Ccy="CHF">6.75</Amt><CdtDbtInd>DBIT</CdtDbtInd><ChrgInclInd>false</ChrgInclInd><Tp><Prtry><Id>2</Id></Prtry></Tp></Rcrd></Chrgs><NtryDtls><TxDtls><Refs><AcctSvcrRef>206220008ZO3X36U</AcctSvcrRef></Refs><Amt Ccy="CHF">10802.26</Amt><CdtDbtInd>CRDT</CdtDbtInd></TxDtls></NtryDtls><AddtlNtryInf>SAMMELGUTSCHRIFT FÜR KONTO: CH4330000001414939852 VERARBEITUNG VOM 25.07.2022 PAKET ID: 220725CH000009ZR</AddtlNtryInf></Ntry><Ntry><Amt Ccy="CHF">99.90</Amt><CdtDbtInd>CRDT</CdtDbtInd><RvslInd>false</RvslInd><Sts>BOOK</Sts><BookgDt><Dt>2022-07-25</Dt></BookgDt><ValDt><Dt>2022-07-25</Dt></ValDt><AcctSvcrRef>2062400142027000</AcctSvcrRef><BkTxCd><Domn><Cd>PMNT</Cd><Fmly><Cd>MCRD</Cd><SubFmlyCd>POSP</SubFmlyCd></Fmly></Domn></BkTxCd><NtryDtls><TxDtls><Refs><AcctSvcrRef>2062400142027000</AcctSvcrRef></Refs><Amt Ccy="CHF">99.90</Amt><CdtDbtInd>CRDT</CdtDbtInd></TxDtls></NtryDtls><AddtlNtryInf>GUTSCHRIFT E-PAYMENT-TRANSAKTIONEN POSTFINANCE CARD EINLIEFERUNG VOM 24.07.2022 eversmart products Handels GmbH PFAQ08UD0000001 www.augengold.ch</AddtlNtryInf></Ntry></Stmt></BkToCstmrStmt></Document>
