<?xml version="1.0" encoding="UTF-8"?>
<Document xmlns="urn:iso:std:iso:20022:tech:xsd:camt.054.001.04" xmlns:xsi="http://www.w3.org/2001/XMLSchema-instance" xsi:schemaLocation="urn:iso:std:iso:20022:tech:xsd:camt.054.001.04 camt.054.001.04.xsd"><BkToCstmrDbtCdtNtfctn><GrpHdr><MsgId>20221111375204974092778</MsgId><CreDtTm>2022-11-11T23:38:04</CreDtTm><MsgPgntn><PgNb>1</PgNb><LastPgInd>true</LastPgInd></MsgPgntn><AddtlInf>SPS/1.7/PROD</AddtlInf></GrpHdr><Ntfctn><Id>20221111375204974092782</Id><CreDtTm>2022-11-11T23:38:04</CreDtTm><FrToDt><FrDtTm>2022-11-11T00:00:00</FrDtTm><ToDtTm>2022-11-11T23:59:59</ToDtTm></FrToDt><RptgSrc><Prtry>OTHR</Prtry></RptgSrc><Acct><Id><IBAN>CH9209000000414939852</IBAN></Id><Ownr><Nm>eversmart products Handels GmbH Pfäffikon SZ</Nm></Ownr></Acct><Ntry><NtryRef>CH9530000002414939852</NtryRef><Amt Ccy="CHF">34.30</Amt><CdtDbtInd>CRDT</CdtDbtInd><RvslInd>false</RvslInd><Sts>BOOK</Sts><BookgDt><Dt>2022-11-11</Dt></BookgDt><ValDt><Dt>2022-11-11</Dt></ValDt><AcctSvcrRef>315220009GKHXKCU</AcctSvcrRef><BkTxCd><Domn><Cd>PMNT</Cd><Fmly><Cd>RCDT</Cd><SubFmlyCd>VCOM</SubFmlyCd></Fmly></Domn></BkTxCd><NtryDtls><Btch><NbOfTxs>1</NbOfTxs></Btch><TxDtls><Refs><AcctSvcrRef>221111CH09GFHCKU</AcctSvcrRef><InstrId>17040704628/6XXX</InstrId><EndToEndId>NOTPROVIDED</EndToEndId><Prtry><Tp>00</Tp><Ref>20221111375204663382397</Ref></Prtry></Refs><Amt Ccy="CHF">34.30</Amt><CdtDbtInd>CRDT</CdtDbtInd><BkTxCd><Domn><Cd>PMNT</Cd><Fmly><Cd>RCDT</Cd><SubFmlyCd>ATXN</SubFmlyCd></Fmly></Domn></BkTxCd><RltdPties><Dbtr><Nm>Selin Hoerler</Nm><PstlAdr><AdrLine>Untere Brestenburg 4</AdrLine><AdrLine>9050 Appenzell</AdrLine></PstlAdr></Dbtr><DbtrAcct><Id><IBAN>CH7180808002692831346</IBAN></Id></DbtrAcct><UltmtDbtr><Nm>Selin Horler</Nm><PstlAdr><AdrLine>Muhlestrasse 21</AdrLine><AdrLine>9100 Herisau</AdrLine></PstlAdr></UltmtDbtr><CdtrAcct><Id><IBAN>CH9530000002414939852</IBAN></Id></CdtrAcct></RltdPties><RltdAgts><DbtrAgt><FinInstnId><ClrSysMmbId><MmbId>81023</MmbId></ClrSysMmbId><Nm>Raiffeisenbank Appenzell</Nm><PstlAdr><AdrLine>Hauptgasse 41</AdrLine><AdrLine>9050 Appenzell</AdrLine></PstlAdr></FinInstnId></DbtrAgt></RltdAgts><RmtInf><Strd><CdtrRefInf><Tp><CdOrPrtry><Prtry>QRR</Prtry></CdOrPrtry></Tp><Ref>000000000000000000000006250</Ref></CdtrRefInf><AddtlRmtInf>?REJECT?0</AddtlRmtInf><AddtlRmtInf>?ERROR?000</AddtlRmtInf><AddtlRmtInf>3613</AddtlRmtInf></Strd></RmtInf><RltdDts><AccptncDtTm>2022-11-11T20:00:00</AccptncDtTm></RltdDts></TxDtls></NtryDtls><AddtlNtryInf>SAMMELGUTSCHRIFT FÜR KONTO: CH9530000002414939852 VERARBEITUNG VOM 11.11.2022 PAKET ID: 221111CH00000CC6</AddtlNtryInf></Ntry></Ntfctn></BkToCstmrDbtCdtNtfctn></Document>
