<?xml version="1.0" encoding="UTF-8"?>
<Document xmlns="urn:iso:std:iso:20022:tech:xsd:camt.053.001.04" xmlns:xsi="http://www.w3.org/2001/XMLSchema-instance" xsi:schemaLocation="urn:iso:std:iso:20022:tech:xsd:camt.053.001.04 camt.053.001.04.xsd"><BkToCstmrStmt><GrpHdr><MsgId>20221028375204961165558</MsgId><CreDtTm>2022-10-29T01:32:31</CreDtTm><MsgPgntn><PgNb>1</PgNb><LastPgInd>true</LastPgInd></MsgPgntn><AddtlInf>SPS/1.7/PROD</AddtlInf></GrpHdr><Stmt><Id>20221028375204961165572</Id><ElctrncSeqNb>212</ElctrncSeqNb><CreDtTm>2022-10-29T01:32:31</CreDtTm><FrToDt><FrDtTm>2022-10-28T00:00:00</FrDtTm><ToDtTm>2022-10-28T23:59:59</ToDtTm></FrToDt><Acct><Id><IBAN>CH9209000000414939852</IBAN></Id><Ownr><Nm>eversmart products Handels GmbH Pfäffikon SZ</Nm></Ownr></Acct><Bal><Tp><CdOrPrtry><Cd>OPBD</Cd></CdOrPrtry></Tp><Amt Ccy="CHF">98977.76</Amt><CdtDbtInd>CRDT</CdtDbtInd><Dt><Dt>2022-10-28</Dt></Dt></Bal><Bal><Tp><CdOrPrtry><Cd>CLBD</Cd></CdOrPrtry></Tp><Amt Ccy="CHF">9721.11</Amt><CdtDbtInd>CRDT</CdtDbtInd><Dt><Dt>2022-10-28</Dt></Dt></Bal><Bal><Tp><CdOrPrtry><Cd>CLAV</Cd></CdOrPrtry></Tp><Amt Ccy="CHF">9721.11</Amt><CdtDbtInd>CRDT</CdtDbtInd><Dt><Dt>2022-10-28</Dt></Dt></Bal><Ntry><NtryRef>CH9209000000414939852</NtryRef><Amt Ccy="CHF">859.00</Amt><CdtDbtInd>CRDT</CdtDbtInd><RvslInd>false</RvslInd><Sts>BOOK</Sts><BookgDt><Dt>2022-10-28</Dt></BookgDt><ValDt><Dt>2022-10-28</Dt></ValDt><AcctSvcrRef>301220109E4GRVSK</AcctSvcrRef><BkTxCd><Domn><Cd>PMNT</Cd><Fmly><Cd>RCDT</Cd><SubFmlyCd>ATXN</SubFmlyCd></Fmly></Domn></BkTxCd><NtryDtls><Btch><NbOfTxs>1</NbOfTxs></Btch><TxDtls><Refs><AcctSvcrRef>221028CH09E4GRVS</AcctSvcrRef><InstrId>21027354897.0007</InstrId><EndToEndId>NOTPROVIDED</EndToEndId><Prtry><Tp>00</Tp><Ref>221028CH09E4GRVS</Ref></Prtry></Refs><Amt Ccy="CHF">859.00</Amt><CdtDbtInd>CRDT</CdtDbtInd><BkTxCd><Domn><Cd>PMNT</Cd><Fmly><Cd>RCDT</Cd><SubFmlyCd>ATXN</SubFmlyCd></Fmly></Domn></BkTxCd><RltdPties><Dbtr><Nm>FHL Frisch Handel Logistik GmbH</Nm><PstlAdr><AdrLine>Grossbruggerweg 4B</AdrLine><AdrLine>7000 Chur</AdrLine></PstlAdr></Dbtr><DbtrAcct><Id><IBAN>CH9000774110439385600</IBAN></Id></DbtrAcct><CdtrAcct><Id><IBAN>CH9209000000414939852</IBAN></Id></CdtrAcct></RltdPties><RltdAgts><DbtrAgt><FinInstnId><ClrSysMmbId><MmbId>774</MmbId></ClrSysMmbId><Nm>Graubündner Kantonalbank</Nm><PstlAdr><AdrLine>7001 Chur</AdrLine></PstlAdr></FinInstnId></DbtrAgt></RltdAgts><RmtInf><Ustrd>RE-94981</Ustrd><Strd><AddtlRmtInf>?REJECT?0</AddtlRmtInf><AddtlRmtInf>?ERROR?000</AddtlRmtInf></Strd></RmtInf><RltdDts><AccptncDtTm>2022-10-28T20:00:00</AccptncDtTm></RltdDts></TxDtls></NtryDtls><AddtlNtryInf>GUTSCHRIFT AUFTRAGGEBER: FHL FRISCH HANDEL LOGISTIK GMBH GROSSBRUGGERWEG 4B 7000 CHUR MITTEILUNGEN: RE-94981 REFERENZEN: NOTPROVIDED 21027354897.0007 221028CH09E4GRVS</AddtlNtryInf></Ntry><Ntry><Amt Ccy="CHF">39.95</Amt><CdtDbtInd>DBIT</CdtDbtInd><RvslInd>false</RvslInd><Sts>BOOK</Sts><BookgDt><Dt>2022-10-28</Dt></BookgDt><ValDt><Dt>2022-10-28</Dt></ValDt><AcctSvcrRef>301220009BNZD1CK</AcctSvcrRef><BkTxCd><Domn><Cd>PMNT</Cd><Fmly><Cd>ICDT</Cd><SubFmlyCd>DMCT</SubFmlyCd></Fmly></Domn></BkTxCd><NtryDtls><TxDtls><Refs><AcctSvcrRef>25-676151631-1</AcctSvcrRef><PmtInfId>25:676151631</PmtInfId><InstrId>20221012000800767292045</InstrId></Refs><Amt Ccy="CHF">39.95</Amt><CdtDbtInd>DBIT</CdtDbtInd><BkTxCd><Domn><Cd>PMNT</Cd><Fmly><Cd>ICDT</Cd><SubFmlyCd>DMCT</SubFmlyCd></Fmly></Domn></BkTxCd><RltdPties><Cdtr><Nm>Salt Mobile SA</Nm><PstlAdr><StrtNm>Rue du Caudray</StrtNm><BldgNb>4</BldgNb><PstCd>1020</PstCd><TwnNm>Renens</TwnNm><Ctry>CH</Ctry></PstlAdr></Cdtr><CdtrAcct><Id><IBAN>CH213000524349307421T</IBAN></Id></CdtrAcct></RltdPties><RltdAgts><CdtrAgt><FinInstnId><BICFI>UBSWCHZH80A</BICFI><Nm>UBS Switzerland AG</Nm><PstlAdr><Ctry>CH</Ctry><AdrLine>Bahnhofstrasse 45 8098 Zürich</AdrLine></PstlAdr></FinInstnId></CdtrAgt></RltdAgts><RmtInf><Strd><CdtrRefInf><Tp><CdOrPrtry><Prtry>QRR</Prtry></CdOrPrtry></Tp><Ref>276940000000000008311000771</Ref></CdtrRefInf></Strd></RmtInf></TxDtls></NtryDtls><AddtlNtryInf>LASTSCHRIFT UBS SWITZERLAND AG BAHNHOFSTRASSE 45 8098 ZÜRICH CH213000524349307421T SALT MOBILE SA RUE DU CAUDRAY 4 1020 RENENS SENDER REFERENZ: 20221012000800767292045</AddtlNtryInf></Ntry><Ntry><Amt Ccy="CHF">208.10</Amt><CdtDbtInd>DBIT</CdtDbtInd><RvslInd>false</RvslInd><Sts>BOOK</Sts><BookgDt><Dt>2022-10-28</Dt></BookgDt><ValDt><Dt>2022-10-28</Dt></ValDt><AcctSvcrRef>301220009BO49P4K</AcctSvcrRef><BkTxCd><Domn><Cd>PMNT</Cd><Fmly><Cd>ICDT</Cd><SubFmlyCd>DMCT</SubFmlyCd></Fmly></Domn></BkTxCd><NtryDtls><TxDtls><Refs><AcctSvcrRef>25-676153137-1</AcctSvcrRef><PmtInfId>25:676153137</PmtInfId><InstrId>20221012000800767349379</InstrId></Refs><Amt Ccy="CHF">208.10</Amt><CdtDbtInd>DBIT</CdtDbtInd><BkTxCd><Domn><Cd>PMNT</Cd><Fmly><Cd>ICDT</Cd><SubFmlyCd>DMCT</SubFmlyCd></Fmly></Domn></BkTxCd><RltdPties><Cdtr><Nm>LANDI Weinland Genossenschaft</Nm><PstlAdr><StrtNm>Güeterstrass 3</StrtNm><PstCd>8460</PstCd><TwnNm>Marthalen</TwnNm><Ctry>CH</Ctry></PstlAdr></Cdtr><CdtrAcct><Id><IBAN>CH7430700112200423044</IBAN></Id></CdtrAcct></RltdPties><RltdAgts><CdtrAgt><FinInstnId><BICFI>ZKBKCHZZ80A</BICFI><Nm>Zürcher Kantonalbank</Nm><PstlAdr><Ctry>CH</Ctry><AdrLine>8010 Zürich</AdrLine></PstlAdr></FinInstnId></CdtrAgt></RltdAgts><RmtInf><Strd><CdtrRefInf><Tp><CdOrPrtry><Prtry>QRR</Prtry></CdOrPrtry></Tp><Ref>963356000001064480102023383</Ref></CdtrRefInf></Strd></RmtInf></TxDtls></NtryDtls><AddtlNtryInf>LASTSCHRIFT ZÜRCHER KANTONALBANK 8010 ZÜRICH CH7430700112200423044 LANDI WEINLAND GENOSSENSCHAFT GÜETERSTRASS 3 8460 MARTHALEN SENDER REFERENZ: 20221012000800767349379</AddtlNtryInf></Ntry><Ntry><NtryRef>CH9209000000414939852</NtryRef><Amt Ccy="CHF">1808.35</Amt><CdtDbtInd>CRDT</CdtDbtInd><RvslInd>false</RvslInd><Sts>BOOK</Sts><BookgDt><Dt>2022-10-28</Dt></BookgDt><ValDt><Dt>2022-10-28</Dt></ValDt><AcctSvcrRef>301220009DLOKVEK</AcctSvcrRef><BkTxCd><Domn><Cd>PMNT</Cd><Fmly><Cd>RCDT</Cd><SubFmlyCd>AUTT</SubFmlyCd></Fmly></Domn></BkTxCd><NtryDtls><Btch><NbOfTxs>1</NbOfTxs></Btch><TxDtls><Refs><MsgId>2066</MsgId><AcctSvcrRef>221025CH09DLOKVE</AcctSvcrRef><PmtInfId>1979</PmtInfId><InstrId>50</InstrId><EndToEndId>36230</EndToEndId><Prtry><Tp>00</Tp><Ref>221025CH09DLOKVE</Ref></Prtry></Refs><Amt Ccy="CHF">1808.35</Amt><CdtDbtInd>CRDT</CdtDbtInd><BkTxCd><Domn><Cd>PMNT</Cd><Fmly><Cd>RCDT</Cd><SubFmlyCd>AUTT</SubFmlyCd></Fmly></Domn></BkTxCd><RltdPties><Dbtr><Nm>KANTONALE FINANZVERWALTUNG SH</Nm><PstlAdr><StrtNm>J.J. Wepfer-Strasse</StrtNm><BldgNb>6</BldgNb><PstCd>8200</PstCd><TwnNm>Schaffhausen</TwnNm><Ctry>CH</Ctry></PstlAdr></Dbtr><DbtrAcct><Id><IBAN>CH6309000000820001607</IBAN></Id></DbtrAcct><CdtrAcct><Id><IBAN>CH9209000000414939852</IBAN></Id></CdtrAcct></RltdPties><RltdAgts><DbtrAgt><FinInstnId><BICFI>POFICHBEXXX</BICFI><Nm>POSTFINANCE AG</Nm><PstlAdr><AdrLine>MINGERSTRASSE 20</AdrLine><AdrLine>3030 BERN</AdrLine></PstlAdr></FinInstnId></DbtrAgt></RltdAgts><RmtInf><Ustrd>Rueckzahlung Dir. Bundessteuer 2019</Ustrd><Strd><AddtlRmtInf>?REJECT?0</AddtlRmtInf><AddtlRmtInf>?ERROR?000</AddtlRmtInf></Strd></RmtInf><RltdDts><AccptncDtTm>2022-10-28T20:00:00</AccptncDtTm></RltdDts></TxDtls></NtryDtls><AddtlNtryInf>GUTSCHRIFT CH6309000000820001607 ABSENDER: KANTONALE FINANZVERWALTUNG SH J.J. WEPFER-STRASSE 6 8200 SCHAFFHAUSEN MITTEILUNGEN: RUECKZAHLUNG DIR. BUNDESSTEUER 2019 REFERENZEN: 36230</AddtlNtryInf></Ntry><Ntry><NtryRef>CH9209000000414939852</NtryRef><Amt Ccy="CHF">199.00</Amt><CdtDbtInd>CRDT</CdtDbtInd><RvslInd>false</RvslInd><Sts>BOOK</Sts><BookgDt><Dt>2022-10-28</Dt></BookgDt><ValDt><Dt>2022-10-28</Dt></ValDt><AcctSvcrRef>301220109E273I9K</AcctSvcrRef><BkTxCd><Domn><Cd>PMNT</Cd><Fmly><Cd>RCDT</Cd><SubFmlyCd>AUTT</SubFmlyCd></Fmly></Domn></BkTxCd><NtryDtls><Btch><NbOfTxs>1</NbOfTxs></Btch><TxDtls><Refs><AcctSvcrRef>221027CH09E273I9</AcctSvcrRef><InstrId>20221027000800040229087</InstrId><Prtry><Tp>00</Tp><Ref>221027CH09E273I9</Ref></Prtry></Refs><Amt Ccy="CHF">199.00</Amt><CdtDbtInd>CRDT</CdtDbtInd><BkTxCd><Domn><Cd>PMNT</Cd><Fmly><Cd>RCDT</Cd><SubFmlyCd>AUTT</SubFmlyCd></Fmly></Domn></BkTxCd><RltdPties><Dbtr><Nm>Hässig, Herbert</Nm><PstlAdr><StrtNm>Gigonweg</StrtNm><BldgNb>17</BldgNb><PstCd>3027</PstCd><TwnNm>Bern</TwnNm><Ctry>CH</Ctry></PstlAdr></Dbtr><DbtrAcct><Id><IBAN>CH5909000000907549320</IBAN></Id></DbtrAcct><CdtrAcct><Id><IBAN>CH9209000000414939852</IBAN></Id></CdtrAcct></RltdPties><RltdAgts><DbtrAgt><FinInstnId><BICFI>POFICHBEXXX</BICFI><Nm>POSTFINANCE AG</Nm><PstlAdr><AdrLine>MINGERSTRASSE 20</AdrLine><AdrLine>3030 BERN</AdrLine></PstlAdr></FinInstnId></DbtrAgt></RltdAgts><RmtInf><Strd><AddtlRmtInf>?REJECT?0</AddtlRmtInf><AddtlRmtInf>?ERROR?000</AddtlRmtInf></Strd></RmtInf><RltdDts><AccptncDtTm>2022-10-28T20:00:00</AccptncDtTm></RltdDts></TxDtls></NtryDtls><AddtlNtryInf>GUTSCHRIFT CH5909000000907549320 ABSENDER: HÄSSIG, HERBERT GIGONWEG 17 3027 BERN</AddtlNtryInf></Ntry><Ntry><Amt Ccy="CHF">2692.50</Amt><CdtDbtInd>DBIT</CdtDbtInd><RvslInd>false</RvslInd><Sts>BOOK</Sts><BookgDt><Dt>2022-10-28</Dt></BookgDt><ValDt><Dt>2022-10-28</Dt></ValDt><AcctSvcrRef>301220009BU7QBDK</AcctSvcrRef><BkTxCd><Domn><Cd>PMNT</Cd><Fmly><Cd>ICDT</Cd><SubFmlyCd>DMCT</SubFmlyCd></Fmly></Domn></BkTxCd><NtryDtls><TxDtls><Refs><AcctSvcrRef>25-676154430-1</AcctSvcrRef><PmtInfId>25:676154430</PmtInfId><InstrId>20221012000800767395486</InstrId></Refs><Amt Ccy="CHF">2692.50</Amt><CdtDbtInd>DBIT</CdtDbtInd><BkTxCd><Domn><Cd>PMNT</Cd><Fmly><Cd>ICDT</Cd><SubFmlyCd>DMCT</SubFmlyCd></Fmly></Domn></BkTxCd><RltdPties><Cdtr><Nm>Trevag Treuhand- und Verwaltungs-AG Bülach</Nm><PstlAdr><StrtNm>Ackerstrasse 2</StrtNm><TwnNm>CH-8180 Bülach</TwnNm><Ctry>CH</Ctry></PstlAdr></Cdtr><CdtrAcct><Id><IBAN>CH3030700112400693625</IBAN></Id></CdtrAcct></RltdPties><RltdAgts><CdtrAgt><FinInstnId><BICFI>ZKBKCHZZ80A</BICFI><Nm>Zürcher Kantonalbank</Nm><PstlAdr><Ctry>CH</Ctry><AdrLine>8010 Zürich</AdrLine></PstlAdr></FinInstnId></CdtrAgt></RltdAgts><RmtInf><Strd><CdtrRefInf><Tp><CdOrPrtry><Prtry>QRR</Prtry></CdOrPrtry></Tp><Ref>943044000000000000002441622</Ref></CdtrRefInf></Strd></RmtInf></TxDtls></NtryDtls><AddtlNtryInf>LASTSCHRIFT ZÜRCHER KANTONALBANK 8010 ZÜRICH CH3030700112400693625 TREVAG TREUHAND- UND VERWALTUNGS-AG  BÜLACH ACKERSTRASSE 2 CH-8180 BÜLACH SENDER REFERENZ: 20221012000800767395486</AddtlNtryInf></Ntry><Ntry><Amt Ccy="CHF">101.15</Amt><CdtDbtInd>DBIT</CdtDbtInd><RvslInd>false</RvslInd><Sts>BOOK</Sts><BookgDt><Dt>2022-10-28</Dt></BookgDt><ValDt><Dt>2022-10-28</Dt></ValDt><AcctSvcrRef>301220009BUOC95K</AcctSvcrRef><BkTxCd><Domn><Cd>PMNT</Cd><Fmly><Cd>ICDT</Cd><SubFmlyCd>DMCT</SubFmlyCd></Fmly></Domn></BkTxCd><NtryDtls><TxDtls><Refs><AcctSvcrRef>25-676151347-1</AcctSvcrRef><PmtInfId>25:676151347</PmtInfId><InstrId>20221012000800767282321</InstrId></Refs><Amt Ccy="CHF">101.15</Amt><CdtDbtInd>DBIT</CdtDbtInd><BkTxCd><Domn><Cd>PMNT</Cd><Fmly><Cd>ICDT</Cd><SubFmlyCd>DMCT</SubFmlyCd></Fmly></Domn></BkTxCd><RltdPties><Cdtr><Nm>Salt Mobile SA</Nm><PstlAdr><StrtNm>Rue du Caudray</StrtNm><BldgNb>4</BldgNb><PstCd>1020</PstCd><TwnNm>Renens</TwnNm><Ctry>CH</Ctry></PstlAdr></Cdtr><CdtrAcct><Id><IBAN>CH973000522810925900C</IBAN></Id></CdtrAcct></RltdPties><RltdAgts><CdtrAgt><FinInstnId><BICFI>UBSWCHZH80A</BICFI><Nm>UBS Switzerland AG</Nm><PstlAdr><Ctry>CH</Ctry><AdrLine>Bahnhofstrasse 45</AdrLine><AdrLine>8098 Zürich</AdrLine></PstlAdr></FinInstnId></CdtrAgt></RltdAgts><RmtInf><Strd><CdtrRefInf><Tp><CdOrPrtry><Prtry>QRR</Prtry></CdOrPrtry></Tp><Ref>000000000000000009014938764</Ref></CdtrRefInf></Strd></RmtInf></TxDtls></NtryDtls><AddtlNtryInf>LASTSCHRIFT UBS SWITZERLAND AG BAHNHOFSTRASSE 45 8098 ZÜRICH CH973000522810925900C SALT MOBILE SA RUE DU CAUDRAY 4 1020 RENENS SENDER REFERENZ: 20221012000800767282321</AddtlNtryInf></Ntry><Ntry><NtryRef>CH9209000000414939852</NtryRef><Amt Ccy="CHF">1492.20</Amt><CdtDbtInd>CRDT</CdtDbtInd><RvslInd>false</RvslInd><Sts>BOOK</Sts><BookgDt><Dt>2022-10-28</Dt></BookgDt><ValDt><Dt>2022-10-28</Dt></ValDt><AcctSvcrRef>301220109E5ZHRTK</AcctSvcrRef><BkTxCd><Domn><Cd>PMNT</Cd><Fmly><Cd>RCDT</Cd><SubFmlyCd>ATXN</SubFmlyCd></Fmly></Domn></BkTxCd><NtryDtls><Btch><NbOfTxs>1</NbOfTxs></Btch><TxDtls><Refs><AcctSvcrRef>221028CH09E5ZHRT</AcctSvcrRef><InstrId>21027266183.0002</InstrId><EndToEndId>NOTPROVIDED</EndToEndId><Prtry><Tp>00</Tp><Ref>221028CH09E5ZHRT</Ref></Prtry></Refs><Amt Ccy="CHF">1492.20</Amt><CdtDbtInd>CRDT</CdtDbtInd><BkTxCd><Domn><Cd>PMNT</Cd><Fmly><Cd>RCDT</Cd><SubFmlyCd>ATXN</SubFmlyCd></Fmly></Domn></BkTxCd><RltdPties><Dbtr><Nm>A Plus Reinigungen AG</Nm><PstlAdr><AdrLine>Zuerichstrasse 66a</AdrLine><AdrLine>8340 Hinwil</AdrLine></PstlAdr></Dbtr><DbtrAcct><Id><IBAN>CH5706850610208990900</IBAN></Id></DbtrAcct><CdtrAcct><Id><IBAN>CH9209000000414939852</IBAN></Id></CdtrAcct></RltdPties><RltdAgts><DbtrAgt><FinInstnId><ClrSysMmbId><MmbId>6850</MmbId></ClrSysMmbId><Nm>Bank Avera Genossenschaft</Nm><PstlAdr><AdrLine>Bahnhofstrasse 3</AdrLine><AdrLine>8620 Wetzikon ZH</AdrLine></PstlAdr></FinInstnId></DbtrAgt></RltdAgts><RmtInf><Strd><AddtlRmtInf>?REJECT?0</AddtlRmtInf><AddtlRmtInf>?ERROR?000</AddtlRmtInf></Strd></RmtInf><RltdDts><AccptncDtTm>2022-10-28T20:00:00</AccptncDtTm></RltdDts></TxDtls></NtryDtls><AddtlNtryInf>GUTSCHRIFT AUFTRAGGEBER: A PLUS REINIGUNGEN AG ZUERICHSTRASSE 66A 8340 HINWIL REFERENZEN: NOTPROVIDED 21027266183.0002 221028CH09E5ZHRT</AddtlNtryInf></Ntry><Ntry><Amt Ccy="CHF">102537.00</Amt><CdtDbtInd>DBIT</CdtDbtInd><RvslInd>false</RvslInd><Sts>BOOK</Sts><BookgDt><Dt>2022-10-28</Dt></BookgDt><ValDt><Dt>2022-10-28</Dt></ValDt><AcctSvcrRef>301220009CG7IQBK</AcctSvcrRef><BkTxCd><Domn><Cd>PMNT</Cd><Fmly><Cd>ICDT</Cd><SubFmlyCd>DMCT</SubFmlyCd></Fmly></Domn></BkTxCd><NtryDtls><TxDtls><Refs><AcctSvcrRef>25-678594770-1</AcctSvcrRef><PmtInfId>25:678594770</PmtInfId><InstrId>20221018000800857461421</InstrId></Refs><Amt Ccy="CHF">102537.00</Amt><CdtDbtInd>DBIT</CdtDbtInd><BkTxCd><Domn><Cd>PMNT</Cd><Fmly><Cd>ICDT</Cd><SubFmlyCd>DMCT</SubFmlyCd></Fmly></Domn></BkTxCd><RltdPties><Cdtr><Nm>Google Ireland Ltd.</Nm><PstlAdr><Ctry>CH</Ctry></PstlAdr></Cdtr><CdtrAcct><Id><IBAN>CH0389095000011074865</IBAN></Id></CdtrAcct></RltdPties><RltdAgts><CdtrAgt><FinInstnId><BICFI>CITIGB2LXXX</BICFI><Nm>Citibank N.A.</Nm><PstlAdr><Ctry>CH</Ctry><AdrLine>Canada Square / Canary Wharf E14 5LB London</AdrLine></PstlAdr></FinInstnId></CdtrAgt></RltdAgts><RmtInf><Ustrd>4569011450</Ustrd><Strd><AddtlRmtInf>Google Ads September 22</AddtlRmtInf></Strd></RmtInf></TxDtls></NtryDtls><AddtlNtryInf>LASTSCHRIFT CITIBANK N.A. CANADA SQUARE / CANARY WHARF E14 5LB LONDON CH0389095000011074865 GOOGLE IRELAND LTD. SENDER REFERENZ: GOOGLE ADS SEPTEMBER 22 20221018000800857461421</AddtlNtryInf></Ntry><Ntry><NtryRef>CH9209000000414939852</NtryRef><Amt Ccy="CHF">282.27</Amt><CdtDbtInd>CRDT</CdtDbtInd><RvslInd>false</RvslInd><Sts>BOOK</Sts><BookgDt><Dt>2022-10-28</Dt></BookgDt><ValDt><Dt>2022-10-28</Dt></ValDt><AcctSvcrRef>301220109E8JE7AK</AcctSvcrRef><BkTxCd><Domn><Cd>PMNT</Cd><Fmly><Cd>RCDT</Cd><SubFmlyCd>ATXN</SubFmlyCd></Fmly></Domn></BkTxCd><NtryDtls><Btch><NbOfTxs>1</NbOfTxs></Btch><TxDtls><Refs><AcctSvcrRef>221028CH09E8JE7A</AcctSvcrRef><InstrId>LON03257470390</InstrId><EndToEndId>NOTPROVIDED</EndToEndId><Prtry><Tp>00</Tp><Ref>221028CH09E8JE7A</Ref></Prtry></Refs><Amt Ccy="CHF">282.27</Amt><CdtDbtInd>CRDT</CdtDbtInd><BkTxCd><Domn><Cd>PMNT</Cd><Fmly><Cd>RCDT</Cd><SubFmlyCd>ATXN</SubFmlyCd></Fmly></Domn></BkTxCd><RltdPties><Dbtr><Nm>STRIPE PAYMENTS UK LTD</Nm><PstlAdr><AdrLine>9TH FLOOR, 107 CHEAPSIDE GB - LONDO</AdrLine><AdrLine>N EC2V 6DN</AdrLine></PstlAdr></Dbtr><DbtrAcct><Id><IBAN>DK6289000000010375</IBAN></Id></DbtrAcct><CdtrAcct><Id><IBAN>CH9209000000414939852</IBAN></Id></CdtrAcct></RltdPties><RltdAgts><DbtrAgt><FinInstnId><BICFI>CITIGB2LXXX</BICFI><Nm>CITIBANK N.A.</Nm><PstlAdr><AdrLine>CITIBANK CENTRE25 CANADA SQUARE</AdrLine><AdrLine>E14 5LB LONDON</AdrLine></PstlAdr></FinInstnId></DbtrAgt></RltdAgts><RmtInf><Ustrd>STRIPE Y1F0N1</Ustrd><Strd><AddtlRmtInf>?REJECT?0</AddtlRmtInf><AddtlRmtInf>?ERROR?000</AddtlRmtInf></Strd></RmtInf><RltdDts><AccptncDtTm>2022-10-28T20:00:00</AccptncDtTm></RltdDts></TxDtls></NtryDtls><AddtlNtryInf>GUTSCHRIFT AUFTRAGGEBER: STRIPE PAYMENTS UK LTD 9TH FLOOR, 107 CHEAPSIDE GB - LONDO N EC2V 6DN MITTEILUNGEN: STRIPE Y1F0N1 SPESENBETRAG 0.00 CHF SHA REFERENZEN: NOTPROVIDED LON03257470390 221028CH09E8JE7A</AddtlNtryInf></Ntry><Ntry><NtryRef>CH9209000000414939852</NtryRef><Amt Ccy="CHF">2698.83</Amt><CdtDbtInd>CRDT</CdtDbtInd><RvslInd>false</RvslInd><Sts>BOOK</Sts><BookgDt><Dt>2022-10-28</Dt></BookgDt><ValDt><Dt>2022-10-28</Dt></ValDt><AcctSvcrRef>301220009DXJYGGK</AcctSvcrRef><BkTxCd><Domn><Cd>PMNT</Cd><Fmly><Cd>RCDT</Cd><SubFmlyCd>AUTT</SubFmlyCd></Fmly></Domn></BkTxCd><NtryDtls><Btch><NbOfTxs>1</NbOfTxs></Btch><TxDtls><Refs><MsgId>TWINT20221026-101-Merchant</MsgId><AcctSvcrRef>221027CH09DXJYGG</AcctSvcrRef><PmtInfId>TWINT20221026-101-Merchant-B1</PmtInfId><InstrId>75c58444fbea49218a885dbd79357863</InstrId><EndToEndId>TWINT20221026-101-Merchant-B1</EndToEndId><Prtry><Tp>00</Tp><Ref>221027CH09DXJYGG</Ref></Prtry></Refs><Amt Ccy="CHF">2698.83</Amt><CdtDbtInd>CRDT</CdtDbtInd><BkTxCd><Domn><Cd>PMNT</Cd><Fmly><Cd>RCDT</Cd><SubFmlyCd>AUTT</SubFmlyCd></Fmly></Domn></BkTxCd><RltdPties><Dbtr><Nm>TWINT Acquiring AG</Nm><PstlAdr><StrtNm>Stauffacherstrasse</StrtNm><BldgNb>41</BldgNb><PstCd>8004</PstCd><TwnNm>Zürich</TwnNm><Ctry>CH</Ctry></PstlAdr></Dbtr><DbtrAcct><Id><IBAN>CH6609000000313087410</IBAN></Id></DbtrAcct><CdtrAcct><Id><IBAN>CH9209000000414939852</IBAN></Id></CdtrAcct></RltdPties><RltdAgts><DbtrAgt><FinInstnId><BICFI>POFICHBEXXX</BICFI><Nm>POSTFINANCE AG</Nm><PstlAdr><AdrLine>MINGERSTRASSE 20</AdrLine><AdrLine>3030 BERN</AdrLine></PstlAdr></FinInstnId></DbtrAgt></RltdAgts><RmtInf><Ustrd>999999 TWINT TWINT Auszahlungen Pay</Ustrd><Ustrd>out 20221027                       </Ustrd><Ustrd>   Gross: 2734.40 Fees: -35.57</Ustrd><Strd><AddtlRmtInf>?REJECT?0</AddtlRmtInf><AddtlRmtInf>?ERROR?000</AddtlRmtInf></Strd></RmtInf><RltdDts><AccptncDtTm>2022-10-28T20:00:00</AccptncDtTm></RltdDts></TxDtls></NtryDtls><AddtlNtryInf>GUTSCHRIFT CH6609000000313087410 ABSENDER: TWINT ACQUIRING AG STAUFFACHERSTRASSE 41 8004 ZÜRICH MITTEILUNGEN: 999999 TWINT TWINT AUSZAHLUNGEN PAY OUT 20221027                           GROSS: 2734.40 FEES: -35.57 REFERENZEN: TWINT20221026-101-MERCHANT-B1</AddtlNtryInf></Ntry><Ntry><NtryRef>CH4330000001414939852</NtryRef><Amt Ccy="CHF">8885.20</Amt><CdtDbtInd>CRDT</CdtDbtInd><RvslInd>false</RvslInd><Sts>BOOK</Sts><BookgDt><Dt>2022-10-28</Dt></BookgDt><ValDt><Dt>2022-10-28</Dt></ValDt><AcctSvcrRef>301220009EDI4U7U</AcctSvcrRef><BkTxCd><Domn><Cd>PMNT</Cd><Fmly><Cd>RCDT</Cd><SubFmlyCd>VCOM</SubFmlyCd></Fmly></Domn></BkTxCd><Chrgs><TtlChrgsAndTaxAmt Ccy="CHF">4.40</TtlChrgsAndTaxAmt><Rcrd><Amt Ccy="CHF">4.40</Amt><CdtDbtInd>DBIT</CdtDbtInd><ChrgInclInd>false</ChrgInclInd><Tp><Prtry><Id>2</Id></Prtry></Tp></Rcrd></Chrgs><NtryDtls><TxDtls><Refs><AcctSvcrRef>301220009EDI4U7U</AcctSvcrRef></Refs><Amt Ccy="CHF">8885.20</Amt><CdtDbtInd>CRDT</CdtDbtInd></TxDtls></NtryDtls><AddtlNtryInf>SAMMELGUTSCHRIFT FÜR KONTO: CH4330000001414939852 VERARBEITUNG VOM 28.10.2022 PAKET ID: 221028CH000009TN</AddtlNtryInf></Ntry><Ntry><NtryRef>CH9530000002414939852</NtryRef><Amt Ccy="CHF">97.20</Amt><CdtDbtInd>CRDT</CdtDbtInd><RvslInd>false</RvslInd><Sts>BOOK</Sts><BookgDt><Dt>2022-10-28</Dt></BookgDt><ValDt><Dt>2022-10-28</Dt></ValDt><AcctSvcrRef>301220009EDJ1N6U</AcctSvcrRef><BkTxCd><Domn><Cd>PMNT</Cd><Fmly><Cd>RCDT</Cd><SubFmlyCd>VCOM</SubFmlyCd></Fmly></Domn></BkTxCd><Chrgs><TtlChrgsAndTaxAmt Ccy="CHF">1.20</TtlChrgsAndTaxAmt><Rcrd><Amt Ccy="CHF">1.20</Amt><CdtDbtInd>DBIT</CdtDbtInd><ChrgInclInd>false</ChrgInclInd><Tp><Prtry><Id>2</Id></Prtry></Tp></Rcrd></Chrgs><NtryDtls><TxDtls><Refs><AcctSvcrRef>301220009EDJ1N6U</AcctSvcrRef></Refs><Amt Ccy="CHF">97.20</Amt><CdtDbtInd>CRDT</CdtDbtInd></TxDtls></NtryDtls><AddtlNtryInf>SAMMELGUTSCHRIFT FÜR KONTO: CH9530000002414939852 VERARBEITUNG VOM 28.10.2022 PAKET ID: 221028CH00000FKO</AddtlNtryInf></Ntry></Stmt></BkToCstmrStmt></Document>
