<?xml version="1.0" encoding="UTF-8"?>
<Document xmlns="urn:iso:std:iso:20022:tech:xsd:camt.053.001.04" xmlns:xsi="http://www.w3.org/2001/XMLSchema-instance" xsi:schemaLocation="urn:iso:std:iso:20022:tech:xsd:camt.053.001.04 camt.053.001.04.xsd"><BkToCstmrStmt><GrpHdr><MsgId>20220826375204911654868</MsgId><CreDtTm>2022-08-27T01:57:46</CreDtTm><MsgPgntn><PgNb>1</PgNb><LastPgInd>true</LastPgInd></MsgPgntn><AddtlInf>SPS/1.7/PROD</AddtlInf></GrpHdr><Stmt><Id>20220826375204911654871</Id><ElctrncSeqNb>167</ElctrncSeqNb><CreDtTm>2022-08-27T01:57:46</CreDtTm><FrToDt><FrDtTm>2022-08-26T00:00:00</FrDtTm><ToDtTm>2022-08-26T23:59:59</ToDtTm></FrToDt><Acct><Id><IBAN>CH9209000000414939852</IBAN></Id><Ownr><Nm>eversmart products Handels GmbH Pfäffikon SZ</Nm></Ownr></Acct><Bal><Tp><CdOrPrtry><Cd>OPBD</Cd></CdOrPrtry></Tp><Amt Ccy="CHF">181904.94</Amt><CdtDbtInd>CRDT</CdtDbtInd><Dt><Dt>2022-08-26</Dt></Dt></Bal><Bal><Tp><CdOrPrtry><Cd>CLBD</Cd></CdOrPrtry></Tp><Amt Ccy="CHF">160257.04</Amt><CdtDbtInd>CRDT</CdtDbtInd><Dt><Dt>2022-08-26</Dt></Dt></Bal><Bal><Tp><CdOrPrtry><Cd>CLAV</Cd></CdOrPrtry></Tp><Amt Ccy="CHF">160257.04</Amt><CdtDbtInd>CRDT</CdtDbtInd><Dt><Dt>2022-08-26</Dt></Dt></Bal><Ntry><Amt Ccy="CHF">39841.70</Amt><CdtDbtInd>DBIT</CdtDbtInd><RvslInd>false</RvslInd><Sts>BOOK</Sts><BookgDt><Dt>2022-08-26</Dt></BookgDt><ValDt><Dt>2022-08-26</Dt></ValDt><AcctSvcrRef>23822000947LABNK</AcctSvcrRef><BkTxCd><Domn><Cd>PMNT</Cd><Fmly><Cd>ICDT</Cd><SubFmlyCd>BOOK</SubFmlyCd></Fmly></Domn></BkTxCd><NtryDtls><TxDtls><Refs><AcctSvcrRef>25-646032824-1</AcctSvcrRef><PmtInfId>25:646032824</PmtInfId><InstrId>20220825000800904129052</InstrId></Refs><Amt Ccy="CHF">39841.70</Amt><CdtDbtInd>DBIT</CdtDbtInd><BkTxCd><Domn><Cd>PMNT</Cd><Fmly><Cd>ICDT</Cd><SubFmlyCd>BOOK</SubFmlyCd></Fmly></Domn></BkTxCd><RltdPties><Cdtr><Nm>Eidg. Steuerverwaltung</Nm><PstlAdr><Ctry>CH</Ctry><AdrLine>Mehrwertsteuer Bern</AdrLine></PstlAdr></Cdtr><CdtrAcct><Id><IBAN>CH1130000001300000375</IBAN></Id></CdtrAcct></RltdPties><RltdAgts><CdtrAgt><FinInstnId><BICFI>POFICHBEXXX</BICFI><PstlAdr><Ctry>CH</Ctry></PstlAdr></FinInstnId></CdtrAgt></RltdAgts><RmtInf><Strd><CdtrRefInf><Tp><CdOrPrtry><Prtry>QRR</Prtry></CdOrPrtry></Tp><Ref>804001202275158952016723684</Ref></CdtrRefInf><AddtlRmtInf>MWST Q1 2022</AddtlRmtInf></Strd></RmtInf></TxDtls></NtryDtls><AddtlNtryInf>LASTSCHRIFT CH1130000001300000375 EIDG. STEUERVERWALTUNG MEHRWERTSTEUER BERN SENDER REFERENZ: MWST Q1 2022 20220825000800904129052</AddtlNtryInf></Ntry><Ntry><NtryRef>CH9209000000414939852</NtryRef><Amt Ccy="CHF">42.30</Amt><CdtDbtInd>CRDT</CdtDbtInd><RvslInd>false</RvslInd><Sts>BOOK</Sts><BookgDt><Dt>2022-08-26</Dt></BookgDt><ValDt><Dt>2022-08-26</Dt></ValDt><AcctSvcrRef>238220109439KOHK</AcctSvcrRef><BkTxCd><Domn><Cd>PMNT</Cd><Fmly><Cd>RCDT</Cd><SubFmlyCd>AUTT</SubFmlyCd></Fmly></Domn></BkTxCd><NtryDtls><Btch><NbOfTxs>1</NbOfTxs></Btch><TxDtls><Refs><AcctSvcrRef>220825CH09439KOH</AcctSvcrRef><InstrId>20220825000800892389045</InstrId><Prtry><Tp>00</Tp><Ref>220825CH09439KOH</Ref></Prtry></Refs><Amt Ccy="CHF">42.30</Amt><CdtDbtInd>CRDT</CdtDbtInd><BkTxCd><Domn><Cd>PMNT</Cd><Fmly><Cd>RCDT</Cd><SubFmlyCd>AUTT</SubFmlyCd></Fmly></Domn></BkTxCd><RltdPties><Dbtr><Nm>Hug Touati, Sonja Isabelle</Nm><PstlAdr><StrtNm>Schulstrasse</StrtNm><BldgNb>1</BldgNb><PstCd>3054</PstCd><TwnNm>Schüpfen</TwnNm><Ctry>CH</Ctry></PstlAdr></Dbtr><DbtrAcct><Id><IBAN>CH7709000000157025658</IBAN></Id></DbtrAcct><CdtrAcct><Id><IBAN>CH9209000000414939852</IBAN></Id></CdtrAcct></RltdPties><RltdAgts><DbtrAgt><FinInstnId><BICFI>POFICHBEXXX</BICFI><Nm>POSTFINANCE AG</Nm><PstlAdr><AdrLine>MINGERSTRASSE , 20</AdrLine><AdrLine>3030 BERN</AdrLine></PstlAdr></FinInstnId></DbtrAgt></RltdAgts><RmtInf><Strd><AddtlRmtInf>?REJECT?0</AddtlRmtInf><AddtlRmtInf>?ERROR?000</AddtlRmtInf></Strd></RmtInf><RltdDts><AccptncDtTm>2022-08-26T20:00:00</AccptncDtTm></RltdDts></TxDtls></NtryDtls><AddtlNtryInf>GUTSCHRIFT CH7709000000157025658 ABSENDER: HUG TOUATI, SONJA ISABELLE SCHULSTRASSE 1 3054 SCHÜPFEN</AddtlNtryInf></Ntry><Ntry><NtryRef>CH9209000000414939852</NtryRef><Amt Ccy="CHF">1395.00</Amt><CdtDbtInd>CRDT</CdtDbtInd><RvslInd>false</RvslInd><Sts>BOOK</Sts><BookgDt><Dt>2022-08-26</Dt></BookgDt><ValDt><Dt>2022-08-26</Dt></ValDt><AcctSvcrRef>2382201094BT0KDK</AcctSvcrRef><BkTxCd><Domn><Cd>PMNT</Cd><Fmly><Cd>RCDT</Cd><SubFmlyCd>ATXN</SubFmlyCd></Fmly></Domn></BkTxCd><NtryDtls><Btch><NbOfTxs>1</NbOfTxs></Btch><TxDtls><Refs><AcctSvcrRef>220826CH094BT0KD</AcctSvcrRef><InstrId>20825480349.0001</InstrId><EndToEndId>NOTPROVIDED</EndToEndId><Prtry><Tp>00</Tp><Ref>220826CH094BT0KD</Ref></Prtry></Refs><Amt Ccy="CHF">1395.00</Amt><CdtDbtInd>CRDT</CdtDbtInd><BkTxCd><Domn><Cd>PMNT</Cd><Fmly><Cd>RCDT</Cd><SubFmlyCd>ATXN</SubFmlyCd></Fmly></Domn></BkTxCd><RltdPties><Dbtr><Nm>Weidner Daniel Ralph</Nm><PstlAdr><StrtNm>Nationalstrasse</StrtNm><BldgNb>31</BldgNb><PstCd>8280</PstCd><TwnNm>Kreuzlingen</TwnNm><Ctry>CH</Ctry></PstlAdr></Dbtr><DbtrAcct><Id><IBAN>CH3608401016124767703</IBAN></Id></DbtrAcct><CdtrAcct><Id><IBAN>CH9209000000414939852</IBAN></Id></CdtrAcct></RltdPties><RltdAgts><DbtrAgt><FinInstnId><ClrSysMmbId><MmbId>8401</MmbId></ClrSysMmbId><Nm>Migros Bank AG</Nm><PstlAdr><AdrLine>8010 Zürich</AdrLine></PstlAdr></FinInstnId></DbtrAgt></RltdAgts><RmtInf><Ustrd>Vorkasse fuer Bestellnummer 9625 vo</Ustrd><Ustrd>m 22.08.2022</Ustrd><Strd><AddtlRmtInf>?REJECT?0</AddtlRmtInf><AddtlRmtInf>?ERROR?000</AddtlRmtInf></Strd></RmtInf><RltdDts><AccptncDtTm>2022-08-26T20:00:00</AccptncDtTm></RltdDts></TxDtls></NtryDtls><AddtlNtryInf>GUTSCHRIFT AUFTRAGGEBER: WEIDNER DANIEL RALPH NATIONALSTRASSE 31 8280 KREUZLINGEN MITTEILUNGEN: VORKASSE FUER BESTELLNUMMER 9625 VO M 22.08.2022 REFERENZEN: NOTPROVIDED 20825480349.0001 220826CH094BT0KD</AddtlNtryInf></Ntry><Ntry><NtryRef>CH9209000000414939852</NtryRef><Amt Ccy="CHF">2740.39</Amt><CdtDbtInd>CRDT</CdtDbtInd><RvslInd>false</RvslInd><Sts>BOOK</Sts><BookgDt><Dt>2022-08-26</Dt></BookgDt><ValDt><Dt>2022-08-26</Dt></ValDt><AcctSvcrRef>23822000942PNVPK</AcctSvcrRef><BkTxCd><Domn><Cd>PMNT</Cd><Fmly><Cd>RCDT</Cd><SubFmlyCd>AUTT</SubFmlyCd></Fmly></Domn></BkTxCd><NtryDtls><Btch><NbOfTxs>1</NbOfTxs></Btch><TxDtls><Refs><MsgId>TWINT20220824-101-Merchant</MsgId><AcctSvcrRef>220825CH0942PNVP</AcctSvcrRef><PmtInfId>TWINT20220824-101-Merchant-B1</PmtInfId><InstrId>5595a321a1914c8aabf4b7498408b9bd</InstrId><EndToEndId>TWINT20220824-101-Merchant-B1</EndToEndId><Prtry><Tp>00</Tp><Ref>220825CH0942PNVP</Ref></Prtry></Refs><Amt Ccy="CHF">2740.39</Amt><CdtDbtInd>CRDT</CdtDbtInd><BkTxCd><Domn><Cd>PMNT</Cd><Fmly><Cd>RCDT</Cd><SubFmlyCd>AUTT</SubFmlyCd></Fmly></Domn></BkTxCd><RltdPties><Dbtr><Nm>TWINT Acquiring AG</Nm><PstlAdr><StrtNm>Stauffacherstrasse</StrtNm><BldgNb>41</BldgNb><PstCd>8004</PstCd><TwnNm>Zürich</TwnNm><Ctry>CH</Ctry></PstlAdr></Dbtr><DbtrAcct><Id><IBAN>CH6609000000313087410</IBAN></Id></DbtrAcct><CdtrAcct><Id><IBAN>CH9209000000414939852</IBAN></Id></CdtrAcct></RltdPties><RltdAgts><DbtrAgt><FinInstnId><BICFI>POFICHBEXXX</BICFI><Nm>POSTFINANCE AG</Nm><PstlAdr><AdrLine>MINGERSTRASSE , 20</AdrLine><AdrLine>3030 BERN</AdrLine></PstlAdr></FinInstnId></DbtrAgt></RltdAgts><RmtInf><Ustrd>999999 TWINT TWINT Auszahlungen Pay</Ustrd><Ustrd>out 20220825                       </Ustrd><Ustrd>   Gross: 2776.50 Fees: -36.11</Ustrd><Strd><AddtlRmtInf>?REJECT?0</AddtlRmtInf><AddtlRmtInf>?ERROR?000</AddtlRmtInf></Strd></RmtInf><RltdDts><AccptncDtTm>2022-08-26T20:00:00</AccptncDtTm></RltdDts></TxDtls></NtryDtls><AddtlNtryInf>GUTSCHRIFT CH6609000000313087410 ABSENDER: TWINT ACQUIRING AG STAUFFACHERSTRASSE 41 8004 ZÜRICH MITTEILUNGEN: 999999 TWINT TWINT AUSZAHLUNGEN PAY OUT 20220825                           GROSS: 2776.50 FEES: -36.11 REFERENZEN: TWINT20220824-101-MERCHANT-B1</AddtlNtryInf></Ntry><Ntry><NtryRef>CH9209000000414939852</NtryRef><Amt Ccy="CHF">77.28</Amt><CdtDbtInd>CRDT</CdtDbtInd><RvslInd>false</RvslInd><Sts>BOOK</Sts><BookgDt><Dt>2022-08-26</Dt></BookgDt><ValDt><Dt>2022-08-26</Dt></ValDt><AcctSvcrRef>2382201094EIAQPK</AcctSvcrRef><BkTxCd><Domn><Cd>PMNT</Cd><Fmly><Cd>RCDT</Cd><SubFmlyCd>ATXN</SubFmlyCd></Fmly></Domn></BkTxCd><NtryDtls><Btch><NbOfTxs>1</NbOfTxs></Btch><TxDtls><Refs><AcctSvcrRef>220826CH094EIAQP</AcctSvcrRef><InstrId>LON03244773595</InstrId><EndToEndId>NOTPROVIDED</EndToEndId><Prtry><Tp>00</Tp><Ref>220826CH094EIAQP</Ref></Prtry></Refs><Amt Ccy="CHF">77.28</Amt><CdtDbtInd>CRDT</CdtDbtInd><BkTxCd><Domn><Cd>PMNT</Cd><Fmly><Cd>RCDT</Cd><SubFmlyCd>ATXN</SubFmlyCd></Fmly></Domn></BkTxCd><RltdPties><Dbtr><Nm>STRIPE PAYMENTS UK LTD</Nm><PstlAdr><AdrLine>9TH FLOOR, 107 CHEAPSIDE GB - LONDO</AdrLine><AdrLine>N EC2V 6DN</AdrLine></PstlAdr></Dbtr><DbtrAcct><Id><IBAN>DK6289000000010375</IBAN></Id></DbtrAcct><CdtrAcct><Id><IBAN>CH9209000000414939852</IBAN></Id></CdtrAcct></RltdPties><RltdAgts><DbtrAgt><FinInstnId><BICFI>CITIGB2LXXX</BICFI><Nm>CITIBANK N.A.</Nm><PstlAdr><AdrLine>CITIBANK CENTRE25 CANADA SQUARE</AdrLine><AdrLine>E14 5LB LONDON</AdrLine></PstlAdr></FinInstnId></DbtrAgt></RltdAgts><RmtInf><Ustrd>STRIPE Z7Z7L6</Ustrd><Strd><AddtlRmtInf>?REJECT?0</AddtlRmtInf><AddtlRmtInf>?ERROR?000</AddtlRmtInf></Strd></RmtInf><RltdDts><AccptncDtTm>2022-08-26T20:00:00</AccptncDtTm></RltdDts></TxDtls></NtryDtls><AddtlNtryInf>GUTSCHRIFT AUFTRAGGEBER: STRIPE PAYMENTS UK LTD 9TH FLOOR, 107 CHEAPSIDE GB - LONDO N EC2V 6DN MITTEILUNGEN: STRIPE Z7Z7L6 SPESENBETRAG 0.00 CHF SHA REFERENZEN: NOTPROVIDED LON03244773595 220826CH094EIAQP</AddtlNtryInf></Ntry><Ntry><Amt Ccy="CHF">1948.00</Amt><CdtDbtInd>DBIT</CdtDbtInd><RvslInd>false</RvslInd><Sts>BOOK</Sts><BookgDt><Dt>2022-08-26</Dt></BookgDt><ValDt><Dt>2022-08-26</Dt></ValDt><AcctSvcrRef>2382200094ED7C1K</AcctSvcrRef><BkTxCd><Domn><Cd>PMNT</Cd><Fmly><Cd>ICDT</Cd><SubFmlyCd>DMCT</SubFmlyCd></Fmly></Domn></BkTxCd><NtryDtls><TxDtls><Refs><AcctSvcrRef>25-647446930-1</AcctSvcrRef><PmtInfId>25:647446930</PmtInfId><InstrId>20220826000800925534763</InstrId></Refs><Amt Ccy="CHF">1948.00</Amt><CdtDbtInd>DBIT</CdtDbtInd><BkTxCd><Domn><Cd>PMNT</Cd><Fmly><Cd>ICDT</Cd><SubFmlyCd>DMCT</SubFmlyCd></Fmly></Domn></BkTxCd><RltdPties><Cdtr><Nm>Suisse-Nurse GmbH</Nm><PstlAdr><Ctry>CH</Ctry></PstlAdr></Cdtr><CdtrAcct><Id><Othr><Id>202-134165.40V</Id></Othr></Id></CdtrAcct></RltdPties><RltdAgts><CdtrAgt><FinInstnId><BICFI>UBSWCHZH80A</BICFI><Nm>UBS Switzerland AG</Nm><PstlAdr><Ctry>CH</Ctry><AdrLine>Bahnhofstrasse 45</AdrLine><AdrLine>8098 Zürich</AdrLine></PstlAdr></FinInstnId></CdtrAgt></RltdAgts><RmtInf><Ustrd>RE-90137 - Suisse-Nurse GmbH</Ustrd><Strd><AddtlRmtInf>RE-90137 - Suisse-Nurse GmbH</AddtlRmtInf></Strd></RmtInf></TxDtls></NtryDtls><AddtlNtryInf>LASTSCHRIFT UBS SWITZERLAND AG BAHNHOFSTRASSE 45 8098 ZÜRICH 202-134165.40V SUISSE-NURSE GMBH SENDER REFERENZ: RE-90137 - SUISSE-NURSE GMBH 20220826000800925534763</AddtlNtryInf></Ntry><Ntry><NtryRef>CH4330000001414939852</NtryRef><Amt Ccy="CHF">16138.56</Amt><CdtDbtInd>CRDT</CdtDbtInd><RvslInd>false</RvslInd><Sts>BOOK</Sts><BookgDt><Dt>2022-08-26</Dt></BookgDt><ValDt><Dt>2022-08-26</Dt></ValDt><AcctSvcrRef>2382200094JDDJWU</AcctSvcrRef><BkTxCd><Domn><Cd>PMNT</Cd><Fmly><Cd>RCDT</Cd><SubFmlyCd>VCOM</SubFmlyCd></Fmly></Domn></BkTxCd><Chrgs><TtlChrgsAndTaxAmt Ccy="CHF">6.40</TtlChrgsAndTaxAmt><Rcrd><Amt Ccy="CHF">6.40</Amt><CdtDbtInd>DBIT</CdtDbtInd><ChrgInclInd>false</ChrgInclInd><Tp><Prtry><Id>2</Id></Prtry></Tp></Rcrd></Chrgs><NtryDtls><TxDtls><Refs><AcctSvcrRef>2382200094JDDJWU</AcctSvcrRef></Refs><Amt Ccy="CHF">16138.56</Amt><CdtDbtInd>CRDT</CdtDbtInd></TxDtls></NtryDtls><AddtlNtryInf>SAMMELGUTSCHRIFT FÜR KONTO: CH4330000001414939852 VERARBEITUNG VOM 26.08.2022 PAKET ID: 220826CH000009PT</AddtlNtryInf></Ntry><Ntry><NtryRef>CH9530000002414939852</NtryRef><Amt Ccy="CHF">99.90</Amt><CdtDbtInd>CRDT</CdtDbtInd><RvslInd>false</RvslInd><Sts>BOOK</Sts><BookgDt><Dt>2022-08-26</Dt></BookgDt><ValDt><Dt>2022-08-26</Dt></ValDt><AcctSvcrRef>2382200094JDD3JU</AcctSvcrRef><BkTxCd><Domn><Cd>PMNT</Cd><Fmly><Cd>RCDT</Cd><SubFmlyCd>VCOM</SubFmlyCd></Fmly></Domn></BkTxCd><NtryDtls><TxDtls><Refs><AcctSvcrRef>2382200094JDD3JU</AcctSvcrRef></Refs><Amt Ccy="CHF">99.90</Amt><CdtDbtInd>CRDT</CdtDbtInd></TxDtls></NtryDtls><AddtlNtryInf>SAMMELGUTSCHRIFT FÜR KONTO: CH9530000002414939852 VERARBEITUNG VOM 26.08.2022 PAKET ID: 220826CH00000F0A</AddtlNtryInf></Ntry><Ntry><Amt Ccy="CHF">381.53</Amt><CdtDbtInd>DBIT</CdtDbtInd><RvslInd>false</RvslInd><Sts>BOOK</Sts><BookgDt><Dt>2022-08-26</Dt></BookgDt><ValDt><Dt>2022-08-26</Dt></ValDt><AcctSvcrRef>2382400190873896</AcctSvcrRef><BkTxCd><Domn><Cd>PMNT</Cd><Fmly><Cd>CCRD</Cd><SubFmlyCd>CHRG</SubFmlyCd></Fmly></Domn></BkTxCd><NtryDtls><TxDtls><Refs><AcctSvcrRef>2382400190873896</AcctSvcrRef></Refs><Amt Ccy="CHF">381.53</Amt><CdtDbtInd>DBIT</CdtDbtInd></TxDtls></NtryDtls><AddtlNtryInf>POSTFINANCE CHECKOUT RECHNUNG 19663 (INKL. MWST 7.70%) CHE-116.302.542 MWST RECHNUNGSNUMMER: 53002 JULI 2022</AddtlNtryInf></Ntry><Ntry><Amt Ccy="CHF">29.90</Amt><CdtDbtInd>CRDT</CdtDbtInd><RvslInd>false</RvslInd><Sts>BOOK</Sts><BookgDt><Dt>2022-08-26</Dt></BookgDt><ValDt><Dt>2022-08-26</Dt></ValDt><AcctSvcrRef>2382400190884336</AcctSvcrRef><BkTxCd><Domn><Cd>PMNT</Cd><Fmly><Cd>MCRD</Cd><SubFmlyCd>POSP</SubFmlyCd></Fmly></Domn></BkTxCd><NtryDtls><TxDtls><Refs><AcctSvcrRef>2382400190884336</AcctSvcrRef></Refs><Amt Ccy="CHF">29.90</Amt><CdtDbtInd>CRDT</CdtDbtInd></TxDtls></NtryDtls><AddtlNtryInf>GUTSCHRIFT E-PAYMENT-TRANSAKTIONEN POSTFINANCE CARD EINLIEFERUNG VOM 25.08.2022 EVERSMART PRODUCTS HANDELS GMBH PFAQ08S80000001 HTTPS://KOPI-LUWAK.CH</AddtlNtryInf></Ntry></Stmt></BkToCstmrStmt></Document>
