<?xml version="1.0" encoding="UTF-8"?>
<Document xmlns="urn:iso:std:iso:20022:tech:xsd:camt.053.001.04" xmlns:xsi="http://www.w3.org/2001/XMLSchema-instance" xsi:schemaLocation="urn:iso:std:iso:20022:tech:xsd:camt.053.001.04 camt.053.001.04.xsd"><BkToCstmrStmt><GrpHdr><MsgId>20220731375204894293660</MsgId><CreDtTm>2022-08-01T01:53:20</CreDtTm><MsgPgntn><PgNb>1</PgNb><LastPgInd>true</LastPgInd></MsgPgntn><AddtlInf>SPS/1.7/PROD</AddtlInf></GrpHdr><Stmt><Id>20220731375204894293715</Id><ElctrncSeqNb>148</ElctrncSeqNb><CreDtTm>2022-08-01T01:53:20</CreDtTm><FrToDt><FrDtTm>2022-07-30T00:00:00</FrDtTm><ToDtTm>2022-07-31T23:59:59</ToDtTm></FrToDt><Acct><Id><IBAN>CH9209000000414939852</IBAN></Id><Ownr><Nm>eversmart products Handels GmbH Pfäffikon SZ</Nm></Ownr></Acct><Bal><Tp><CdOrPrtry><Cd>OPBD</Cd></CdOrPrtry></Tp><Amt Ccy="CHF">55789.83</Amt><CdtDbtInd>CRDT</CdtDbtInd><Dt><Dt>2022-07-30</Dt></Dt></Bal><Bal><Tp><CdOrPrtry><Cd>CLBD</Cd></CdOrPrtry></Tp><Amt Ccy="CHF">55783.79</Amt><CdtDbtInd>CRDT</CdtDbtInd><Dt><Dt>2022-07-31</Dt></Dt></Bal><Bal><Tp><CdOrPrtry><Cd>CLAV</Cd></CdOrPrtry></Tp><Amt Ccy="CHF">55663.89</Amt><CdtDbtInd>CRDT</CdtDbtInd><Dt><Dt>2022-07-31</Dt></Dt></Bal><Bal><Tp><CdOrPrtry><Cd>FWAV</Cd></CdOrPrtry></Tp><Amt Ccy="CHF">55783.79</Amt><CdtDbtInd>CRDT</CdtDbtInd><Dt><Dt>2022-08-02</Dt></Dt></Bal><Ntry><Amt Ccy="CHF">119.90</Amt><CdtDbtInd>CRDT</CdtDbtInd><RvslInd>false</RvslInd><Sts>BOOK</Sts><BookgDt><Dt>2022-07-30</Dt></BookgDt><ValDt><Dt>2022-08-02</Dt></ValDt><AcctSvcrRef>2112400150400489</AcctSvcrRef><BkTxCd><Domn><Cd>PMNT</Cd><Fmly><Cd>MCRD</Cd><SubFmlyCd>POSP</SubFmlyCd></Fmly></Domn></BkTxCd><NtryDtls><TxDtls><Refs><AcctSvcrRef>2112400150400489</AcctSvcrRef></Refs><Amt Ccy="CHF">119.90</Amt><CdtDbtInd>CRDT</CdtDbtInd></TxDtls></NtryDtls><AddtlNtryInf>GUTSCHRIFT E-PAYMENT-TRANSAKTIONEN POSTFINANCE CARD EINLIEFERUNG VOM 29.07.2022 eversmart products Handels PFAQ08SB0000001 www.dentabrux.ch</AddtlNtryInf></Ntry><Ntry><Amt Ccy="CHF">5.00</Amt><CdtDbtInd>DBIT</CdtDbtInd><RvslInd>false</RvslInd><Sts>BOOK</Sts><BookgDt><Dt>2022-07-31</Dt></BookgDt><ValDt><Dt>2022-07-31</Dt></ValDt><AcctSvcrRef>2122100172328531</AcctSvcrRef><BkTxCd><Domn><Cd>ACMT</Cd><Fmly><Cd>ADOP</Cd><SubFmlyCd>CHRG</SubFmlyCd></Fmly></Domn></BkTxCd><NtryDtls><TxDtls><Refs><AcctSvcrRef>2122100172328531</AcctSvcrRef></Refs><Amt Ccy="CHF">5.00</Amt><CdtDbtInd>DBIT</CdtDbtInd></TxDtls></NtryDtls><AddtlNtryInf>PREIS FÜR DIE KONTOFÜHRUNG</AddtlNtryInf></Ntry><Ntry><Amt Ccy="CHF">2.00</Amt><CdtDbtInd>DBIT</CdtDbtInd><RvslInd>false</RvslInd><Sts>BOOK</Sts><BookgDt><Dt>2022-07-31</Dt></BookgDt><ValDt><Dt>2022-07-31</Dt></ValDt><AcctSvcrRef>2122100173792641</AcctSvcrRef><BkTxCd><Domn><Cd>PMNT</Cd><Fmly><Cd>MDOP</Cd><SubFmlyCd>CHRG</SubFmlyCd></Fmly></Domn></BkTxCd><NtryDtls><TxDtls><Refs><AcctSvcrRef>2122100173792641</AcctSvcrRef></Refs><Amt Ccy="CHF">2.00</Amt><CdtDbtInd>DBIT</CdtDbtInd></TxDtls></NtryDtls><AddtlNtryInf>PREIS FÜR GIRO INTERNATIONAL ANZAHL TRANSAKTIONEN: 1 URSPRUNGS-KONTONUMMER: CH9209000000414939852</AddtlNtryInf></Ntry><Ntry><Amt Ccy="CHF">5.00</Amt><CdtDbtInd>DBIT</CdtDbtInd><RvslInd>false</RvslInd><Sts>BOOK</Sts><BookgDt><Dt>2022-07-31</Dt></BookgDt><ValDt><Dt>2022-07-31</Dt></ValDt><AcctSvcrRef>2122100173807017</AcctSvcrRef><BkTxCd><Domn><Cd>ACMT</Cd><Fmly><Cd>ADOP</Cd><SubFmlyCd>CHRG</SubFmlyCd></Fmly></Domn></BkTxCd><NtryDtls><TxDtls><Refs><AcctSvcrRef>2122100173807017</AcctSvcrRef></Refs><Amt Ccy="CHF">5.00</Amt><CdtDbtInd>DBIT</CdtDbtInd></TxDtls></NtryDtls><AddtlNtryInf>PREIS FÜR EXPRESS-DIENSTLEISTUNGEN URSPRUNGS-KONTONUMMER: CH9209000000414939852</AddtlNtryInf></Ntry><Ntry><Amt Ccy="CHF">2.40</Amt><CdtDbtInd>DBIT</CdtDbtInd><RvslInd>false</RvslInd><Sts>BOOK</Sts><BookgDt><Dt>2022-07-31</Dt></BookgDt><ValDt><Dt>2022-07-31</Dt></ValDt><AcctSvcrRef>2122100173909725</AcctSvcrRef><BkTxCd><Domn><Cd>PMNT</Cd><Fmly><Cd>RCDT</Cd><SubFmlyCd>CHRG</SubFmlyCd></Fmly></Domn></BkTxCd><NtryDtls><TxDtls><Refs><AcctSvcrRef>2122100173909725</AcctSvcrRef></Refs><Amt Ccy="CHF">2.40</Amt><CdtDbtInd>DBIT</CdtDbtInd></TxDtls></NtryDtls><AddtlNtryInf>PREIS FÜR EINZAHLUNGEN AM SCHALTER ES URSPRUNGS-KONTONUMMER: CH9209000000414939852</AddtlNtryInf></Ntry><Ntry><Amt Ccy="CHF">80.70</Amt><CdtDbtInd>DBIT</CdtDbtInd><RvslInd>false</RvslInd><Sts>BOOK</Sts><BookgDt><Dt>2022-07-31</Dt></BookgDt><ValDt><Dt>2022-07-31</Dt></ValDt><AcctSvcrRef>2122100173909868</AcctSvcrRef><BkTxCd><Domn><Cd>PMNT</Cd><Fmly><Cd>MDOP</Cd><SubFmlyCd>CHRG</SubFmlyCd></Fmly></Domn></BkTxCd><NtryDtls><TxDtls><Refs><AcctSvcrRef>2122100173909868</AcctSvcrRef></Refs><Amt Ccy="CHF">80.70</Amt><CdtDbtInd>DBIT</CdtDbtInd></TxDtls></NtryDtls><AddtlNtryInf>PREIS FÜR EINZAHLUNGEN AM SCHALTER QR-RECHNUNG KONTO: CH4330000001414939852</AddtlNtryInf></Ntry><Ntry><Amt Ccy="CHF">0.80</Amt><CdtDbtInd>DBIT</CdtDbtInd><RvslInd>false</RvslInd><Sts>BOOK</Sts><BookgDt><Dt>2022-07-31</Dt></BookgDt><ValDt><Dt>2022-07-31</Dt></ValDt><AcctSvcrRef>2122100173912939</AcctSvcrRef><BkTxCd><Domn><Cd>PMNT</Cd><Fmly><Cd>MDOP</Cd><SubFmlyCd>CHRG</SubFmlyCd></Fmly></Domn></BkTxCd><NtryDtls><TxDtls><Refs><AcctSvcrRef>2122100173912939</AcctSvcrRef></Refs><Amt Ccy="CHF">0.80</Amt><CdtDbtInd>DBIT</CdtDbtInd></TxDtls></NtryDtls><AddtlNtryInf>PREIS FÜR VOLLERFASSUNG QR-RECHNUNG KONTO: CH4330000001414939852</AddtlNtryInf></Ntry><Ntry><Amt Ccy="CHF">0.04</Amt><CdtDbtInd>DBIT</CdtDbtInd><RvslInd>false</RvslInd><Sts>BOOK</Sts><BookgDt><Dt>2022-07-31</Dt></BookgDt><ValDt><Dt>2022-07-31</Dt></ValDt><AcctSvcrRef>2122100173913071</AcctSvcrRef><BkTxCd><Domn><Cd>PMNT</Cd><Fmly><Cd>MDOP</Cd><SubFmlyCd>CHRG</SubFmlyCd></Fmly></Domn></BkTxCd><NtryDtls><TxDtls><Refs><AcctSvcrRef>2122100173913071</AcctSvcrRef></Refs><Amt Ccy="CHF">0.04</Amt><CdtDbtInd>DBIT</CdtDbtInd></TxDtls></NtryDtls><AddtlNtryInf>PREIS FÜR BETRAGSERFASSUNG QR-RECHNUNG KONTO: CH4330000001414939852</AddtlNtryInf></Ntry><Ntry><Amt Ccy="CHF">30.00</Amt><CdtDbtInd>DBIT</CdtDbtInd><RvslInd>false</RvslInd><Sts>BOOK</Sts><BookgDt><Dt>2022-07-31</Dt></BookgDt><ValDt><Dt>2022-07-31</Dt></ValDt><AcctSvcrRef>2122300152186009</AcctSvcrRef><BkTxCd><Domn><Cd>PMNT</Cd><Fmly><Cd>CCRD</Cd><SubFmlyCd>CHRG</SubFmlyCd></Fmly></Domn></BkTxCd><NtryDtls><TxDtls><Refs><AcctSvcrRef>2122300152186009</AcctSvcrRef></Refs><Amt Ccy="CHF">30.00</Amt><CdtDbtInd>DBIT</CdtDbtInd></TxDtls></NtryDtls><AddtlNtryInf>PREIS FÜR POSTFINANCE CARD FÜR EIN JAHR IM VORAUS KARTEN NR. XXXX2273</AddtlNtryInf></Ntry></Stmt></BkToCstmrStmt></Document>
