<?xml version="1.0" encoding="UTF-8"?>
<Document xmlns="urn:iso:std:iso:20022:tech:xsd:camt.053.001.04" xmlns:xsi="http://www.w3.org/2001/XMLSchema-instance" xsi:schemaLocation="urn:iso:std:iso:20022:tech:xsd:camt.053.001.04 camt.053.001.04.xsd"><BkToCstmrStmt><GrpHdr><MsgId>20220905375204921611631</MsgId><CreDtTm>2022-09-06T02:15:51</CreDtTm><MsgPgntn><PgNb>1</PgNb><LastPgInd>true</LastPgInd></MsgPgntn><AddtlInf>SPS/1.7/PROD</AddtlInf></GrpHdr><Stmt><Id>20220905375204921611639</Id><ElctrncSeqNb>173</ElctrncSeqNb><CreDtTm>2022-09-06T02:15:51</CreDtTm><FrToDt><FrDtTm>2022-09-03T00:00:00</FrDtTm><ToDtTm>2022-09-05T23:59:59</ToDtTm></FrToDt><Acct><Id><IBAN>CH9209000000414939852</IBAN></Id><Ownr><Nm>eversmart products Handels GmbH Pfäffikon SZ</Nm></Ownr></Acct><Bal><Tp><CdOrPrtry><Cd>OPBD</Cd></CdOrPrtry></Tp><Amt Ccy="CHF">56911.33</Amt><CdtDbtInd>CRDT</CdtDbtInd><Dt><Dt>2022-09-03</Dt></Dt></Bal><Bal><Tp><CdOrPrtry><Cd>CLBD</Cd></CdOrPrtry></Tp><Amt Ccy="CHF">85693.72</Amt><CdtDbtInd>CRDT</CdtDbtInd><Dt><Dt>2022-09-05</Dt></Dt></Bal><Bal><Tp><CdOrPrtry><Cd>CLAV</Cd></CdOrPrtry></Tp><Amt Ccy="CHF">85693.72</Amt><CdtDbtInd>CRDT</CdtDbtInd><Dt><Dt>2022-09-05</Dt></Dt></Bal><Ntry><Amt Ccy="CHF">219.70</Amt><CdtDbtInd>CRDT</CdtDbtInd><RvslInd>false</RvslInd><Sts>BOOK</Sts><BookgDt><Dt>2022-09-04</Dt></BookgDt><ValDt><Dt>2022-09-05</Dt></ValDt><AcctSvcrRef>2472400206502655</AcctSvcrRef><BkTxCd><Domn><Cd>PMNT</Cd><Fmly><Cd>MCRD</Cd><SubFmlyCd>POSP</SubFmlyCd></Fmly></Domn></BkTxCd><NtryDtls><TxDtls><Refs><AcctSvcrRef>2472400206502655</AcctSvcrRef></Refs><Amt Ccy="CHF">219.70</Amt><CdtDbtInd>CRDT</CdtDbtInd></TxDtls></NtryDtls><AddtlNtryInf>GUTSCHRIFT E-PAYMENT-TRANSAKTIONEN POSTFINANCE E-FINANCE EINLIEFERUNG VOM 03.09.2022 EVERSMART PRODUCTS HANDELS PFAQ08SE0000001 WWW.DER-FUSSEXPERTE.CH</AddtlNtryInf></Ntry><Ntry><Amt Ccy="CHF">380.70</Amt><CdtDbtInd>DBIT</CdtDbtInd><RvslInd>false</RvslInd><Sts>BOOK</Sts><BookgDt><Dt>2022-09-05</Dt></BookgDt><ValDt><Dt>2022-09-05</Dt></ValDt><AcctSvcrRef>2482200095PN7O1K</AcctSvcrRef><BkTxCd><Domn><Cd>PMNT</Cd><Fmly><Cd>ICDT</Cd><SubFmlyCd>BOOK</SubFmlyCd></Fmly></Domn></BkTxCd><NtryDtls><TxDtls><Refs><AcctSvcrRef>25-653208958-1</AcctSvcrRef><PmtInfId>25:653208958</PmtInfId><InstrId>20220902000800068167241</InstrId></Refs><Amt Ccy="CHF">380.70</Amt><CdtDbtInd>DBIT</CdtDbtInd><BkTxCd><Domn><Cd>PMNT</Cd><Fmly><Cd>ICDT</Cd><SubFmlyCd>BOOK</SubFmlyCd></Fmly></Domn></BkTxCd><RltdPties><Cdtr><Nm>Eidg. Steuerverwaltung</Nm><PstlAdr><Ctry>CH</Ctry><AdrLine>Mehrwertsteuer Bern</AdrLine></PstlAdr></Cdtr><CdtrAcct><Id><IBAN>CH1130000001300000375</IBAN></Id></CdtrAcct></RltdPties><RltdAgts><CdtrAgt><FinInstnId><BICFI>POFICHBEXXX</BICFI><PstlAdr><Ctry>CH</Ctry></PstlAdr></FinInstnId></CdtrAgt></RltdAgts><RmtInf><Strd><CdtrRefInf><Tp><CdOrPrtry><Prtry>QRR</Prtry></CdOrPrtry></Tp><Ref>804001202275158952016723684</Ref></CdtrRefInf><AddtlRmtInf>MWST Q1 2022 Verzugszins</AddtlRmtInf></Strd></RmtInf></TxDtls></NtryDtls><AddtlNtryInf>LASTSCHRIFT CH1130000001300000375 EIDG. STEUERVERWALTUNG MEHRWERTSTEUER BERN SENDER REFERENZ: MWST Q1 2022 VERZUGSZINS 20220902000800068167241</AddtlNtryInf></Ntry><Ntry><Amt Ccy="CHF">460.00</Amt><CdtDbtInd>DBIT</CdtDbtInd><RvslInd>false</RvslInd><Sts>BOOK</Sts><BookgDt><Dt>2022-09-05</Dt></BookgDt><ValDt><Dt>2022-09-05</Dt></ValDt><AcctSvcrRef>2482200095NZBF6K</AcctSvcrRef><BkTxCd><Domn><Cd>PMNT</Cd><Fmly><Cd>ICDT</Cd><SubFmlyCd>BOOK</SubFmlyCd></Fmly></Domn></BkTxCd><NtryDtls><TxDtls><Refs><AcctSvcrRef>25-653329305-1</AcctSvcrRef><PmtInfId>25:653329305</PmtInfId><InstrId>20220902000800072051007</InstrId></Refs><Amt Ccy="CHF">460.00</Amt><CdtDbtInd>DBIT</CdtDbtInd><BkTxCd><Domn><Cd>PMNT</Cd><Fmly><Cd>ICDT</Cd><SubFmlyCd>BOOK</SubFmlyCd></Fmly></Domn></BkTxCd><RltdPties><Cdtr><Nm>Eidg. Steuerverwaltung</Nm><PstlAdr><Ctry>CH</Ctry><AdrLine>Mehrwertsteuer Bern</AdrLine></PstlAdr></Cdtr><CdtrAcct><Id><IBAN>CH1130000001300000375</IBAN></Id></CdtrAcct></RltdPties><RltdAgts><CdtrAgt><FinInstnId><BICFI>POFICHBEXXX</BICFI><PstlAdr><Ctry>CH</Ctry></PstlAdr></FinInstnId></CdtrAgt></RltdAgts><RmtInf><Strd><CdtrRefInf><Tp><CdOrPrtry><Prtry>QRR</Prtry></CdOrPrtry></Tp><Ref>975006202207231452016723681</Ref></CdtrRefInf><AddtlRmtInf>Unternehmensabgabe 2022 Radio + TV</AddtlRmtInf></Strd></RmtInf></TxDtls></NtryDtls><AddtlNtryInf>LASTSCHRIFT CH1130000001300000375 EIDG. STEUERVERWALTUNG MEHRWERTSTEUER BERN SENDER REFERENZ: UNTERNEHMENSABGABE 2022 RADIO + TV 20220902000800072051007</AddtlNtryInf></Ntry><Ntry><Amt Ccy="CHF">48.31</Amt><CdtDbtInd>DBIT</CdtDbtInd><RvslInd>false</RvslInd><Sts>BOOK</Sts><BookgDt><Dt>2022-09-05</Dt></BookgDt><ValDt><Dt>2022-09-05</Dt></ValDt><AcctSvcrRef>2482200095N89PTK</AcctSvcrRef><BkTxCd><Domn><Cd>PMNT</Cd><Fmly><Cd>ICDT</Cd><SubFmlyCd>BOOK</SubFmlyCd></Fmly></Domn></BkTxCd><NtryDtls><TxDtls><Refs><AcctSvcrRef>25-653224607-1</AcctSvcrRef><PmtInfId>25:653224607</PmtInfId><InstrId>20220902000800068690656</InstrId></Refs><Amt Ccy="CHF">48.31</Amt><CdtDbtInd>DBIT</CdtDbtInd><BkTxCd><Domn><Cd>PMNT</Cd><Fmly><Cd>ICDT</Cd><SubFmlyCd>BOOK</SubFmlyCd></Fmly></Domn></BkTxCd><RltdPties><Cdtr><Nm>Gebrüder Weiss AG</Nm><PstlAdr><Ctry>CH</Ctry><AdrLine>Altenrhein</AdrLine></PstlAdr></Cdtr><CdtrAcct><Id><IBAN>CH8809000000900026157</IBAN></Id></CdtrAcct></RltdPties><RltdAgts><CdtrAgt><FinInstnId><BICFI>POFICHBEXXX</BICFI><PstlAdr><Ctry>CH</Ctry></PstlAdr></FinInstnId></CdtrAgt></RltdAgts><RmtInf><Ustrd>31506570/1036631 1</Ustrd></RmtInf></TxDtls></NtryDtls><AddtlNtryInf>LASTSCHRIFT CH8809000000900026157 GEBRÜDER WEISS AG ALTENRHEIN SENDER REFERENZ: 20220902000800068690656</AddtlNtryInf></Ntry><Ntry><NtryRef>CH9209000000414939852</NtryRef><Amt Ccy="CHF">49.00</Amt><CdtDbtInd>CRDT</CdtDbtInd><RvslInd>false</RvslInd><Sts>BOOK</Sts><BookgDt><Dt>2022-09-05</Dt></BookgDt><ValDt><Dt>2022-09-05</Dt></ValDt><AcctSvcrRef>2482201095YGUMWK</AcctSvcrRef><BkTxCd><Domn><Cd>PMNT</Cd><Fmly><Cd>RCDT</Cd><SubFmlyCd>ATXN</SubFmlyCd></Fmly></Domn></BkTxCd><NtryDtls><Btch><NbOfTxs>1</NbOfTxs></Btch><TxDtls><Refs><AcctSvcrRef>220905CH095YGUMW</AcctSvcrRef><InstrId>16870303387/4XXX</InstrId><EndToEndId>NOTPROVIDED</EndToEndId><Prtry><Tp>00</Tp><Ref>220905CH095YGUMW</Ref></Prtry></Refs><Amt Ccy="CHF">49.00</Amt><CdtDbtInd>CRDT</CdtDbtInd><BkTxCd><Domn><Cd>PMNT</Cd><Fmly><Cd>RCDT</Cd><SubFmlyCd>ATXN</SubFmlyCd></Fmly></Domn></BkTxCd><RltdPties><Dbtr><Nm>Lilian Steiger</Nm><PstlAdr><AdrLine>Heidenerstrasse 80</AdrLine><AdrLine>9450 Luechingen</AdrLine></PstlAdr></Dbtr><DbtrAcct><Id><IBAN>CH8280808009059340885</IBAN></Id></DbtrAcct><CdtrAcct><Id><IBAN>CH9209000000414939852</IBAN></Id></CdtrAcct></RltdPties><RltdAgts><DbtrAgt><FinInstnId><ClrSysMmbId><MmbId>81297</MmbId></ClrSysMmbId><Nm>Raiffeisenbank Oberes Rheintal</Nm><PstlAdr><AdrLine>Churerstrasse 1</AdrLine><AdrLine>9450 Altstätten SG</AdrLine></PstlAdr></FinInstnId></DbtrAgt></RltdAgts><RmtInf><Ustrd>91995</Ustrd><Strd><AddtlRmtInf>?REJECT?0</AddtlRmtInf><AddtlRmtInf>?ERROR?000</AddtlRmtInf></Strd></RmtInf><RltdDts><AccptncDtTm>2022-09-05T20:00:00</AccptncDtTm></RltdDts></TxDtls></NtryDtls><AddtlNtryInf>GUTSCHRIFT AUFTRAGGEBER: LILIAN STEIGER HEIDENERSTRASSE 80 9450 LUECHINGEN MITTEILUNGEN: 91995 REFERENZEN: NOTPROVIDED 16870303387/4XXX 220905CH095YGUMW</AddtlNtryInf></Ntry><Ntry><NtryRef>CH9209000000414939852</NtryRef><Amt Ccy="CHF">958.00</Amt><CdtDbtInd>CRDT</CdtDbtInd><RvslInd>false</RvslInd><Sts>BOOK</Sts><BookgDt><Dt>2022-09-05</Dt></BookgDt><ValDt><Dt>2022-09-05</Dt></ValDt><AcctSvcrRef>2482201095YSWD9K</AcctSvcrRef><BkTxCd><Domn><Cd>PMNT</Cd><Fmly><Cd>RCDT</Cd><SubFmlyCd>ATXN</SubFmlyCd></Fmly></Domn></BkTxCd><NtryDtls><Btch><NbOfTxs>1</NbOfTxs></Btch><TxDtls><Refs><AcctSvcrRef>220905CH095YSWD9</AcctSvcrRef><InstrId>16870588420/4XXX</InstrId><EndToEndId>NOTPROVIDED</EndToEndId><Prtry><Tp>00</Tp><Ref>220905CH095YSWD9</Ref></Prtry></Refs><Amt Ccy="CHF">958.00</Amt><CdtDbtInd>CRDT</CdtDbtInd><BkTxCd><Domn><Cd>PMNT</Cd><Fmly><Cd>RCDT</Cd><SubFmlyCd>ATXN</SubFmlyCd></Fmly></Domn></BkTxCd><RltdPties><Dbtr><Nm>Raphaela Kobel</Nm><PstlAdr><AdrLine>Lussstrasse 7</AdrLine><AdrLine>9534 Gaehwil</AdrLine></PstlAdr></Dbtr><DbtrAcct><Id><IBAN>CH4580808008527977491</IBAN></Id></DbtrAcct><CdtrAcct><Id><IBAN>CH9209000000414939852</IBAN></Id></CdtrAcct></RltdPties><RltdAgts><DbtrAgt><FinInstnId><ClrSysMmbId><MmbId>81320</MmbId></ClrSysMmbId><Nm>Raiffeisenbank Wil und Umgebung</Nm><PstlAdr><AdrLine>Bronschhoferstrasse 11</AdrLine><AdrLine>9500 Wil SG</AdrLine></PstlAdr></FinInstnId></DbtrAgt></RltdAgts><RmtInf><Ustrd>Rechnung RE-92143 Bestellung bei Me</Ustrd><Ustrd>in-stehtisch.ch 96 54</Ustrd><Strd><AddtlRmtInf>?REJECT?0</AddtlRmtInf><AddtlRmtInf>?ERROR?000</AddtlRmtInf></Strd></RmtInf><RltdDts><AccptncDtTm>2022-09-05T20:00:00</AccptncDtTm></RltdDts></TxDtls></NtryDtls><AddtlNtryInf>GUTSCHRIFT AUFTRAGGEBER: RAPHAELA KOBEL LUSSSTRASSE 7 9534 GAEHWIL MITTEILUNGEN: RECHNUNG RE-92143 BESTELLUNG BEI ME IN-STEHTISCH.CH 96 54 REFERENZEN: NOTPROVIDED 16870588420/4XXX 220905CH095YSWD9</AddtlNtryInf></Ntry><Ntry><NtryRef>CH9209000000414939852</NtryRef><Amt Ccy="CHF">25.45</Amt><CdtDbtInd>CRDT</CdtDbtInd><RvslInd>false</RvslInd><Sts>BOOK</Sts><BookgDt><Dt>2022-09-05</Dt></BookgDt><ValDt><Dt>2022-09-05</Dt></ValDt><AcctSvcrRef>2482201095YVJFRK</AcctSvcrRef><BkTxCd><Domn><Cd>PMNT</Cd><Fmly><Cd>RCDT</Cd><SubFmlyCd>ATXN</SubFmlyCd></Fmly></Domn></BkTxCd><NtryDtls><Btch><NbOfTxs>1</NbOfTxs></Btch><TxDtls><Refs><AcctSvcrRef>220905CH095YVJFR</AcctSvcrRef><InstrId>07842654BCC4CBDB</InstrId><EndToEndId>541600000374210025</EndToEndId><Prtry><Tp>00</Tp><Ref>220905CH095YVJFR</Ref></Prtry></Refs><Amt Ccy="CHF">25.45</Amt><CdtDbtInd>CRDT</CdtDbtInd><BkTxCd><Domn><Cd>PMNT</Cd><Fmly><Cd>RCDT</Cd><SubFmlyCd>ATXN</SubFmlyCd></Fmly></Domn></BkTxCd><RltdPties><Dbtr><Nm>Martin Koch</Nm><PstlAdr><StrtNm>Lindachstrasse</StrtNm><BldgNb>28</BldgNb><PstCd>3038</PstCd><TwnNm>Kirchlindach</TwnNm><Ctry>CH</Ctry></PstlAdr></Dbtr><DbtrAcct><Id><IBAN>CH0300790042389152669</IBAN></Id></DbtrAcct><CdtrAcct><Id><IBAN>CH9209000000414939852</IBAN></Id></CdtrAcct></RltdPties><RltdAgts><DbtrAgt><FinInstnId><ClrSysMmbId><MmbId>790</MmbId></ClrSysMmbId><Nm>Berner Kantonalbank AG</Nm><PstlAdr><AdrLine>Bundesplatz 8</AdrLine><AdrLine>3001 Bern</AdrLine></PstlAdr></FinInstnId></DbtrAgt></RltdAgts><RmtInf><Ustrd>RE-92536                           </Ustrd><Ustrd>Kundennummer 051285</Ustrd><Strd><AddtlRmtInf>?REJECT?0</AddtlRmtInf><AddtlRmtInf>?ERROR?000</AddtlRmtInf></Strd></RmtInf><RltdDts><AccptncDtTm>2022-09-05T20:00:00</AccptncDtTm></RltdDts></TxDtls></NtryDtls><AddtlNtryInf>GUTSCHRIFT AUFTRAGGEBER: MARTIN KOCH LINDACHSTRASSE 28 3038 KIRCHLINDACH MITTEILUNGEN: RE-92536                            KUNDENNUMMER 051285 REFERENZEN: 541600000374210025 07842654BCC4CBDB 220905CH095YVJFR</AddtlNtryInf></Ntry><Ntry><NtryRef>CH9209000000414939852</NtryRef><Amt Ccy="CHF">90.00</Amt><CdtDbtInd>CRDT</CdtDbtInd><RvslInd>false</RvslInd><Sts>BOOK</Sts><BookgDt><Dt>2022-09-05</Dt></BookgDt><ValDt><Dt>2022-09-05</Dt></ValDt><AcctSvcrRef>2482201095ZJ96PK</AcctSvcrRef><BkTxCd><Domn><Cd>PMNT</Cd><Fmly><Cd>RCDT</Cd><SubFmlyCd>ATXN</SubFmlyCd></Fmly></Domn></BkTxCd><NtryDtls><Btch><NbOfTxs>1</NbOfTxs></Btch><TxDtls><Refs><AcctSvcrRef>220905CH095ZJ96P</AcctSvcrRef><InstrId>9935246TO0306429</InstrId><EndToEndId>NOTPROVIDED</EndToEndId><Prtry><Tp>00</Tp><Ref>220905CH095ZJ96P</Ref></Prtry></Refs><Amt Ccy="CHF">90.00</Amt><CdtDbtInd>CRDT</CdtDbtInd><BkTxCd><Domn><Cd>PMNT</Cd><Fmly><Cd>RCDT</Cd><SubFmlyCd>ATXN</SubFmlyCd></Fmly></Domn></BkTxCd><RltdPties><Dbtr><Nm>BERNHARD BANGERTER</Nm><PstlAdr><AdrLine>HINDELBANKSTRASSE 31 CH 3325 HETTIS</AdrLine><AdrLine>WIL B. HINDELBANK</AdrLine></PstlAdr></Dbtr><DbtrAcct><Id><IBAN>CH740023523530421740X</IBAN></Id></DbtrAcct><CdtrAcct><Id><IBAN>CH9209000000414939852</IBAN></Id></CdtrAcct></RltdPties><RltdAgts><DbtrAgt><FinInstnId><ClrSysMmbId><MmbId>235</MmbId></ClrSysMmbId><Nm>UBS Switzerland AG</Nm><PstlAdr><AdrLine>Bubenbergplatz 3</AdrLine><AdrLine>3000 Bern 94</AdrLine></PstlAdr></FinInstnId></DbtrAgt></RltdAgts><RmtInf><Ustrd>FERSENKISSEN </Ustrd><Strd><AddtlRmtInf>?REJECT?0</AddtlRmtInf><AddtlRmtInf>?ERROR?000</AddtlRmtInf></Strd></RmtInf><RltdDts><AccptncDtTm>2022-09-05T20:00:00</AccptncDtTm></RltdDts></TxDtls></NtryDtls><AddtlNtryInf>GUTSCHRIFT AUFTRAGGEBER: BERNHARD BANGERTER HINDELBANKSTRASSE 31 CH 3325 HETTIS WIL B. HINDELBANK MITTEILUNGEN: FERSENKISSEN  SPESENBETRAG 0.00 CHF SHA REFERENZEN: NOTPROVIDED 9935246TO0306429 220905CH095ZJ96P</AddtlNtryInf></Ntry><Ntry><NtryRef>CH9209000000414939852</NtryRef><Amt Ccy="CHF">4446.11</Amt><CdtDbtInd>CRDT</CdtDbtInd><RvslInd>false</RvslInd><Sts>BOOK</Sts><BookgDt><Dt>2022-09-05</Dt></BookgDt><ValDt><Dt>2022-09-05</Dt></ValDt><AcctSvcrRef>2482200095PK87WK</AcctSvcrRef><BkTxCd><Domn><Cd>PMNT</Cd><Fmly><Cd>RCDT</Cd><SubFmlyCd>AUTT</SubFmlyCd></Fmly></Domn></BkTxCd><NtryDtls><Btch><NbOfTxs>1</NbOfTxs></Btch><TxDtls><Refs><MsgId>TWINT20220901-101-Merchant</MsgId><AcctSvcrRef>220902CH095PK87W</AcctSvcrRef><PmtInfId>TWINT20220901-101-Merchant-B1</PmtInfId><InstrId>2a45011505754516b1cd8e027ac095f5</InstrId><EndToEndId>TWINT20220901-101-Merchant-B1</EndToEndId><Prtry><Tp>00</Tp><Ref>220902CH095PK87W</Ref></Prtry></Refs><Amt Ccy="CHF">4446.11</Amt><CdtDbtInd>CRDT</CdtDbtInd><BkTxCd><Domn><Cd>PMNT</Cd><Fmly><Cd>RCDT</Cd><SubFmlyCd>AUTT</SubFmlyCd></Fmly></Domn></BkTxCd><RltdPties><Dbtr><Nm>TWINT Acquiring AG</Nm><PstlAdr><StrtNm>Stauffacherstrasse</StrtNm><BldgNb>41</BldgNb><PstCd>8004</PstCd><TwnNm>Zürich</TwnNm><Ctry>CH</Ctry></PstlAdr></Dbtr><DbtrAcct><Id><IBAN>CH6609000000313087410</IBAN></Id></DbtrAcct><CdtrAcct><Id><IBAN>CH9209000000414939852</IBAN></Id></CdtrAcct></RltdPties><RltdAgts><DbtrAgt><FinInstnId><BICFI>POFICHBEXXX</BICFI><Nm>POSTFINANCE AG</Nm><PstlAdr><AdrLine>MINGERSTRASSE , 20</AdrLine><AdrLine>3030 BERN</AdrLine></PstlAdr></FinInstnId></DbtrAgt></RltdAgts><RmtInf><Ustrd>999999 TWINT TWINT Auszahlungen Pay</Ustrd><Ustrd>out 20220902                       </Ustrd><Ustrd>   Gross: 4504.70 Fees: -58.59</Ustrd><Strd><AddtlRmtInf>?REJECT?0</AddtlRmtInf><AddtlRmtInf>?ERROR?000</AddtlRmtInf></Strd></RmtInf><RltdDts><AccptncDtTm>2022-09-05T20:00:00</AccptncDtTm></RltdDts></TxDtls></NtryDtls><AddtlNtryInf>GUTSCHRIFT CH6609000000313087410 ABSENDER: TWINT ACQUIRING AG STAUFFACHERSTRASSE 41 8004 ZÜRICH MITTEILUNGEN: 999999 TWINT TWINT AUSZAHLUNGEN PAY OUT 20220902                           GROSS: 4504.70 FEES: -58.59 REFERENZEN: TWINT20220901-101-MERCHANT-B1</AddtlNtryInf></Ntry><Ntry><NtryRef>CH9209000000414939852</NtryRef><Amt Ccy="CHF">2214.00</Amt><CdtDbtInd>CRDT</CdtDbtInd><RvslInd>false</RvslInd><Sts>BOOK</Sts><BookgDt><Dt>2022-09-05</Dt></BookgDt><ValDt><Dt>2022-09-05</Dt></ValDt><AcctSvcrRef>248220109601MX2K</AcctSvcrRef><BkTxCd><Domn><Cd>PMNT</Cd><Fmly><Cd>RCDT</Cd><SubFmlyCd>ATXN</SubFmlyCd></Fmly></Domn></BkTxCd><NtryDtls><Btch><NbOfTxs>1</NbOfTxs></Btch><TxDtls><Refs><AcctSvcrRef>220905CH09601MX2</AcctSvcrRef><InstrId>9994247TI0741185</InstrId><EndToEndId>NOTPROVIDED</EndToEndId><Prtry><Tp>00</Tp><Ref>220905CH09601MX2</Ref></Prtry></Refs><Amt Ccy="CHF">2214.00</Amt><CdtDbtInd>CRDT</CdtDbtInd><BkTxCd><Domn><Cd>PMNT</Cd><Fmly><Cd>RCDT</Cd><SubFmlyCd>ATXN</SubFmlyCd></Fmly></Domn></BkTxCd><RltdPties><Dbtr><Nm>M CONSULT GMBH</Nm><PstlAdr><AdrLine>HAUPTSTRASSE 95 CH 3942 NIEDERGESTE</AdrLine><AdrLine>LN</AdrLine></PstlAdr></Dbtr><DbtrAcct><Id><IBAN>CH740029429411130001D</IBAN></Id></DbtrAcct><CdtrAcct><Id><IBAN>CH9209000000414939852</IBAN></Id></CdtrAcct></RltdPties><RltdAgts><DbtrAgt><FinInstnId><ClrSysMmbId><MmbId>294</MmbId></ClrSysMmbId><Nm>UBS Switzerland AG</Nm><PstlAdr><AdrLine>Bahnhofplatz 14</AdrLine><AdrLine>3930 Visp/Viège</AdrLine></PstlAdr></FinInstnId></DbtrAgt></RltdAgts><RmtInf><Ustrd>RE-91909 </Ustrd><Strd><AddtlRmtInf>?REJECT?0</AddtlRmtInf><AddtlRmtInf>?ERROR?000</AddtlRmtInf></Strd></RmtInf><RltdDts><AccptncDtTm>2022-09-05T20:00:00</AccptncDtTm></RltdDts></TxDtls></NtryDtls><AddtlNtryInf>GUTSCHRIFT AUFTRAGGEBER: M CONSULT GMBH HAUPTSTRASSE 95 CH 3942 NIEDERGESTE LN MITTEILUNGEN: RE-91909  SPESENBETRAG 0.00 CHF SHA REFERENZEN: NOTPROVIDED 9994247TI0741185 220905CH09601MX2</AddtlNtryInf></Ntry><Ntry><NtryRef>CH9209000000414939852</NtryRef><Amt Ccy="CHF">292.90</Amt><CdtDbtInd>CRDT</CdtDbtInd><RvslInd>false</RvslInd><Sts>BOOK</Sts><BookgDt><Dt>2022-09-05</Dt></BookgDt><ValDt><Dt>2022-09-05</Dt></ValDt><AcctSvcrRef>24822010960O47BK</AcctSvcrRef><BkTxCd><Domn><Cd>PMNT</Cd><Fmly><Cd>RCDT</Cd><SubFmlyCd>ATXN</SubFmlyCd></Fmly></Domn></BkTxCd><NtryDtls><Btch><NbOfTxs>1</NbOfTxs></Btch><TxDtls><Refs><AcctSvcrRef>220905CH0960O47B</AcctSvcrRef><InstrId>LON03246359277</InstrId><EndToEndId>NOTPROVIDED</EndToEndId><Prtry><Tp>00</Tp><Ref>220905CH0960O47B</Ref></Prtry></Refs><Amt Ccy="CHF">292.90</Amt><CdtDbtInd>CRDT</CdtDbtInd><BkTxCd><Domn><Cd>PMNT</Cd><Fmly><Cd>RCDT</Cd><SubFmlyCd>ATXN</SubFmlyCd></Fmly></Domn></BkTxCd><RltdPties><Dbtr><Nm>STRIPE PAYMENTS UK LTD</Nm><PstlAdr><AdrLine>9TH FLOOR, 107 CHEAPSIDE GB - LONDO</AdrLine><AdrLine>N EC2V 6DN</AdrLine></PstlAdr></Dbtr><DbtrAcct><Id><IBAN>DK6289000000010375</IBAN></Id></DbtrAcct><CdtrAcct><Id><IBAN>CH9209000000414939852</IBAN></Id></CdtrAcct></RltdPties><RltdAgts><DbtrAgt><FinInstnId><BICFI>CITIGB2LXXX</BICFI><Nm>CITIBANK N.A.</Nm><PstlAdr><AdrLine>CITIBANK CENTRE25 CANADA SQUARE</AdrLine><AdrLine>E14 5LB LONDON</AdrLine></PstlAdr></FinInstnId></DbtrAgt></RltdAgts><RmtInf><Ustrd>STRIPE Q7D4R6</Ustrd><Strd><AddtlRmtInf>?REJECT?0</AddtlRmtInf><AddtlRmtInf>?ERROR?000</AddtlRmtInf></Strd></RmtInf><RltdDts><AccptncDtTm>2022-09-05T20:00:00</AccptncDtTm></RltdDts></TxDtls></NtryDtls><AddtlNtryInf>GUTSCHRIFT AUFTRAGGEBER: STRIPE PAYMENTS UK LTD 9TH FLOOR, 107 CHEAPSIDE GB - LONDO N EC2V 6DN MITTEILUNGEN: STRIPE Q7D4R6 SPESENBETRAG 0.00 CHF SHA REFERENZEN: NOTPROVIDED LON03246359277 220905CH0960O47B</AddtlNtryInf></Ntry><Ntry><NtryRef>CH9209000000414939852</NtryRef><Amt Ccy="CHF">40.07</Amt><CdtDbtInd>CRDT</CdtDbtInd><RvslInd>false</RvslInd><Sts>BOOK</Sts><BookgDt><Dt>2022-09-05</Dt></BookgDt><ValDt><Dt>2022-09-05</Dt></ValDt><AcctSvcrRef>248220109621AW9K</AcctSvcrRef><BkTxCd><Domn><Cd>PMNT</Cd><Fmly><Cd>RCDT</Cd><SubFmlyCd>ATXN</SubFmlyCd></Fmly></Domn></BkTxCd><NtryDtls><Btch><NbOfTxs>1</NbOfTxs></Btch><TxDtls><Refs><AcctSvcrRef>220905CH09621AW9</AcctSvcrRef><InstrId>9901748E65045672</InstrId><EndToEndId>CONCA00000004914</EndToEndId><Prtry><Tp>00</Tp><Ref>220905CH09621AW9</Ref></Prtry></Refs><Amt Ccy="CHF">40.07</Amt><CdtDbtInd>CRDT</CdtDbtInd><BkTxCd><Domn><Cd>PMNT</Cd><Fmly><Cd>RCDT</Cd><SubFmlyCd>ATXN</SubFmlyCd></Fmly></Domn></BkTxCd><RltdPties><Dbtr><Nm>CONCARDIS GMBH</Nm><PstlAdr><AdrLine>HELFMANN PARK 7 DE 65760 ESCHBORN</AdrLine></PstlAdr></Dbtr><DbtrAcct><Id><IBAN>CH830023023065770601M</IBAN></Id></DbtrAcct><CdtrAcct><Id><IBAN>CH9209000000414939852</IBAN></Id></CdtrAcct></RltdPties><RltdAgts><DbtrAgt><FinInstnId><ClrSysMmbId><MmbId>230</MmbId></ClrSysMmbId><Nm>UBS Switzerland AG</Nm><PstlAdr><AdrLine>Bahnhofstrasse 45</AdrLine><AdrLine>8098 Zürich</AdrLine></PstlAdr></FinInstnId></DbtrAgt></RltdAgts><RmtInf><Ustrd>VI:DAT24.08.22:ZAHL-NR000020:BRUTTO</Ustrd><Ustrd>40,65:KOM0,58:VP146589364:FIL:TRX1</Ustrd><Strd><AddtlRmtInf>?REJECT?0</AddtlRmtInf><AddtlRmtInf>?ERROR?000</AddtlRmtInf></Strd></RmtInf><RltdDts><AccptncDtTm>2022-09-05T20:00:00</AccptncDtTm></RltdDts></TxDtls></NtryDtls><AddtlNtryInf>GUTSCHRIFT AUFTRAGGEBER: CONCARDIS GMBH HELFMANN PARK 7 DE 65760 ESCHBORN MITTEILUNGEN: VI:DAT24.08.22:ZAHL-NR000020:BRUTTO 40,65:KOM0,58:VP146589364:FIL:TRX1 SPESENBETRAG 0.00 CHF SHA REFERENZEN: CONCA00000004914 9901748E65045672 220905CH09621AW9</AddtlNtryInf></Ntry><Ntry><NtryRef>CH9209000000414939852</NtryRef><Amt Ccy="CHF">44.61</Amt><CdtDbtInd>CRDT</CdtDbtInd><RvslInd>false</RvslInd><Sts>BOOK</Sts><BookgDt><Dt>2022-09-05</Dt></BookgDt><ValDt><Dt>2022-09-05</Dt></ValDt><AcctSvcrRef>24822010962169LK</AcctSvcrRef><BkTxCd><Domn><Cd>PMNT</Cd><Fmly><Cd>RCDT</Cd><SubFmlyCd>ATXN</SubFmlyCd></Fmly></Domn></BkTxCd><NtryDtls><Btch><NbOfTxs>1</NbOfTxs></Btch><TxDtls><Refs><AcctSvcrRef>220905CH0962169L</AcctSvcrRef><InstrId>9901748E65045671</InstrId><EndToEndId>CONCA00000004913</EndToEndId><Prtry><Tp>00</Tp><Ref>220905CH0962169L</Ref></Prtry></Refs><Amt Ccy="CHF">44.61</Amt><CdtDbtInd>CRDT</CdtDbtInd><BkTxCd><Domn><Cd>PMNT</Cd><Fmly><Cd>RCDT</Cd><SubFmlyCd>ATXN</SubFmlyCd></Fmly></Domn></BkTxCd><RltdPties><Dbtr><Nm>CONCARDIS GMBH</Nm><PstlAdr><AdrLine>HELFMANN PARK 7 DE 65760 ESCHBORN</AdrLine></PstlAdr></Dbtr><DbtrAcct><Id><IBAN>CH830023023065770601M</IBAN></Id></DbtrAcct><CdtrAcct><Id><IBAN>CH9209000000414939852</IBAN></Id></CdtrAcct></RltdPties><RltdAgts><DbtrAgt><FinInstnId><ClrSysMmbId><MmbId>230</MmbId></ClrSysMmbId><Nm>UBS Switzerland AG</Nm><PstlAdr><AdrLine>Bahnhofstrasse 45</AdrLine><AdrLine>8098 Zürich</AdrLine></PstlAdr></FinInstnId></DbtrAgt></RltdAgts><RmtInf><Ustrd>VI:DAT24.08.22:ZAHL-NR000014:BRUTTO</Ustrd><Ustrd>45,25:KOM0,64:VP146589330:FIL:TRX1</Ustrd><Strd><AddtlRmtInf>?REJECT?0</AddtlRmtInf><AddtlRmtInf>?ERROR?000</AddtlRmtInf></Strd></RmtInf><RltdDts><AccptncDtTm>2022-09-05T20:00:00</AccptncDtTm></RltdDts></TxDtls></NtryDtls><AddtlNtryInf>GUTSCHRIFT AUFTRAGGEBER: CONCARDIS GMBH HELFMANN PARK 7 DE 65760 ESCHBORN MITTEILUNGEN: VI:DAT24.08.22:ZAHL-NR000014:BRUTTO 45,25:KOM0,64:VP146589330:FIL:TRX1 SPESENBETRAG 0.00 CHF SHA REFERENZEN: CONCA00000004913 9901748E65045671 220905CH0962169L</AddtlNtryInf></Ntry><Ntry><NtryRef>CH9209000000414939852</NtryRef><Amt Ccy="CHF">200.82</Amt><CdtDbtInd>CRDT</CdtDbtInd><RvslInd>false</RvslInd><Sts>BOOK</Sts><BookgDt><Dt>2022-09-05</Dt></BookgDt><ValDt><Dt>2022-09-05</Dt></ValDt><AcctSvcrRef>248220109621AXFK</AcctSvcrRef><BkTxCd><Domn><Cd>PMNT</Cd><Fmly><Cd>RCDT</Cd><SubFmlyCd>ATXN</SubFmlyCd></Fmly></Domn></BkTxCd><NtryDtls><Btch><NbOfTxs>1</NbOfTxs></Btch><TxDtls><Refs><AcctSvcrRef>220905CH09621AXF</AcctSvcrRef><InstrId>9901748E65045621</InstrId><EndToEndId>CONCA00000004863</EndToEndId><Prtry><Tp>00</Tp><Ref>220905CH09621AXF</Ref></Prtry></Refs><Amt Ccy="CHF">200.82</Amt><CdtDbtInd>CRDT</CdtDbtInd><BkTxCd><Domn><Cd>PMNT</Cd><Fmly><Cd>RCDT</Cd><SubFmlyCd>ATXN</SubFmlyCd></Fmly></Domn></BkTxCd><RltdPties><Dbtr><Nm>CONCARDIS GMBH</Nm><PstlAdr><AdrLine>HELFMANN PARK 7 DE 65760 ESCHBORN</AdrLine></PstlAdr></Dbtr><DbtrAcct><Id><IBAN>CH830023023065770601M</IBAN></Id></DbtrAcct><CdtrAcct><Id><IBAN>CH9209000000414939852</IBAN></Id></CdtrAcct></RltdPties><RltdAgts><DbtrAgt><FinInstnId><ClrSysMmbId><MmbId>230</MmbId></ClrSysMmbId><Nm>UBS Switzerland AG</Nm><PstlAdr><AdrLine>Bahnhofstrasse 45</AdrLine><AdrLine>8098 Zürich</AdrLine></PstlAdr></FinInstnId></DbtrAgt></RltdAgts><RmtInf><Ustrd>MC:DAT24.08.22:ZAHL-NR000021:BRUTTO</Ustrd><Ustrd>203,59:KOM2,77:VP156581201:FIL:TRX2</Ustrd><Strd><AddtlRmtInf>?REJECT?0</AddtlRmtInf><AddtlRmtInf>?ERROR?000</AddtlRmtInf></Strd></RmtInf><RltdDts><AccptncDtTm>2022-09-05T20:00:00</AccptncDtTm></RltdDts></TxDtls></NtryDtls><AddtlNtryInf>GUTSCHRIFT AUFTRAGGEBER: CONCARDIS GMBH HELFMANN PARK 7 DE 65760 ESCHBORN MITTEILUNGEN: MC:DAT24.08.22:ZAHL-NR000021:BRUTTO 203,59:KOM2,77:VP156581201:FIL:TRX2 SPESENBETRAG 0.00 CHF SHA REFERENZEN: CONCA00000004863 9901748E65045621 220905CH09621AXF</AddtlNtryInf></Ntry><Ntry><NtryRef>CH9209000000414939852</NtryRef><Amt Ccy="CHF">60.19</Amt><CdtDbtInd>CRDT</CdtDbtInd><RvslInd>false</RvslInd><Sts>BOOK</Sts><BookgDt><Dt>2022-09-05</Dt></BookgDt><ValDt><Dt>2022-09-05</Dt></ValDt><AcctSvcrRef>248220109621700K</AcctSvcrRef><BkTxCd><Domn><Cd>PMNT</Cd><Fmly><Cd>RCDT</Cd><SubFmlyCd>ATXN</SubFmlyCd></Fmly></Domn></BkTxCd><NtryDtls><Btch><NbOfTxs>1</NbOfTxs></Btch><TxDtls><Refs><AcctSvcrRef>220905CH09621700</AcctSvcrRef><InstrId>9901748E65045622</InstrId><EndToEndId>CONCA00000004864</EndToEndId><Prtry><Tp>00</Tp><Ref>220905CH09621700</Ref></Prtry></Refs><Amt Ccy="CHF">60.19</Amt><CdtDbtInd>CRDT</CdtDbtInd><BkTxCd><Domn><Cd>PMNT</Cd><Fmly><Cd>RCDT</Cd><SubFmlyCd>ATXN</SubFmlyCd></Fmly></Domn></BkTxCd><RltdPties><Dbtr><Nm>CONCARDIS GMBH</Nm><PstlAdr><AdrLine>HELFMANN PARK 7 DE 65760 ESCHBORN</AdrLine></PstlAdr></Dbtr><DbtrAcct><Id><IBAN>CH830023023065770601M</IBAN></Id></DbtrAcct><CdtrAcct><Id><IBAN>CH9209000000414939852</IBAN></Id></CdtrAcct></RltdPties><RltdAgts><DbtrAgt><FinInstnId><ClrSysMmbId><MmbId>230</MmbId></ClrSysMmbId><Nm>UBS Switzerland AG</Nm><PstlAdr><AdrLine>Bahnhofstrasse 45</AdrLine><AdrLine>8098 Zürich</AdrLine></PstlAdr></FinInstnId></DbtrAgt></RltdAgts><RmtInf><Ustrd>VI:DAT24.08.22:ZAHL-NR000022:BRUTTO</Ustrd><Ustrd>61,04:KOM0,85:VP146581203:FIL:TRX1</Ustrd><Strd><AddtlRmtInf>?REJECT?0</AddtlRmtInf><AddtlRmtInf>?ERROR?000</AddtlRmtInf></Strd></RmtInf><RltdDts><AccptncDtTm>2022-09-05T20:00:00</AccptncDtTm></RltdDts></TxDtls></NtryDtls><AddtlNtryInf>GUTSCHRIFT AUFTRAGGEBER: CONCARDIS GMBH HELFMANN PARK 7 DE 65760 ESCHBORN MITTEILUNGEN: VI:DAT24.08.22:ZAHL-NR000022:BRUTTO 61,04:KOM0,85:VP146581203:FIL:TRX1 SPESENBETRAG 0.00 CHF SHA REFERENZEN: CONCA00000004864 9901748E65045622 220905CH09621700</AddtlNtryInf></Ntry><Ntry><NtryRef>CH9209000000414939852</NtryRef><Amt Ccy="CHF">60.31</Amt><CdtDbtInd>CRDT</CdtDbtInd><RvslInd>false</RvslInd><Sts>BOOK</Sts><BookgDt><Dt>2022-09-05</Dt></BookgDt><ValDt><Dt>2022-09-05</Dt></ValDt><AcctSvcrRef>248220109621A5XK</AcctSvcrRef><BkTxCd><Domn><Cd>PMNT</Cd><Fmly><Cd>RCDT</Cd><SubFmlyCd>ATXN</SubFmlyCd></Fmly></Domn></BkTxCd><NtryDtls><Btch><NbOfTxs>1</NbOfTxs></Btch><TxDtls><Refs><AcctSvcrRef>220905CH09621A5X</AcctSvcrRef><InstrId>9901748E65045670</InstrId><EndToEndId>CONCA00000004912</EndToEndId><Prtry><Tp>00</Tp><Ref>220905CH09621A5X</Ref></Prtry></Refs><Amt Ccy="CHF">60.31</Amt><CdtDbtInd>CRDT</CdtDbtInd><BkTxCd><Domn><Cd>PMNT</Cd><Fmly><Cd>RCDT</Cd><SubFmlyCd>ATXN</SubFmlyCd></Fmly></Domn></BkTxCd><RltdPties><Dbtr><Nm>CONCARDIS GMBH</Nm><PstlAdr><AdrLine>HELFMANN PARK 7 DE 65760 ESCHBORN</AdrLine></PstlAdr></Dbtr><DbtrAcct><Id><IBAN>CH830023023065770601M</IBAN></Id></DbtrAcct><CdtrAcct><Id><IBAN>CH9209000000414939852</IBAN></Id></CdtrAcct></RltdPties><RltdAgts><DbtrAgt><FinInstnId><ClrSysMmbId><MmbId>230</MmbId></ClrSysMmbId><Nm>UBS Switzerland AG</Nm><PstlAdr><AdrLine>Bahnhofstrasse 45</AdrLine><AdrLine>8098 Zürich</AdrLine></PstlAdr></FinInstnId></DbtrAgt></RltdAgts><RmtInf><Ustrd>MC:DAT24.08.22:ZAHL-NR000013:BRUTTO</Ustrd><Ustrd>61,24:KOM0,93:VP156589338:FIL:TRX2</Ustrd><Strd><AddtlRmtInf>?REJECT?0</AddtlRmtInf><AddtlRmtInf>?ERROR?000</AddtlRmtInf></Strd></RmtInf><RltdDts><AccptncDtTm>2022-09-05T20:00:00</AccptncDtTm></RltdDts></TxDtls></NtryDtls><AddtlNtryInf>GUTSCHRIFT AUFTRAGGEBER: CONCARDIS GMBH HELFMANN PARK 7 DE 65760 ESCHBORN MITTEILUNGEN: MC:DAT24.08.22:ZAHL-NR000013:BRUTTO 61,24:KOM0,93:VP156589338:FIL:TRX2 SPESENBETRAG 0.00 CHF SHA REFERENZEN: CONCA00000004912 9901748E65045670 220905CH09621A5X</AddtlNtryInf></Ntry><Ntry><NtryRef>CH9209000000414939852</NtryRef><Amt Ccy="CHF">150.57</Amt><CdtDbtInd>CRDT</CdtDbtInd><RvslInd>false</RvslInd><Sts>BOOK</Sts><BookgDt><Dt>2022-09-05</Dt></BookgDt><ValDt><Dt>2022-09-05</Dt></ValDt><AcctSvcrRef>248220109621A3VK</AcctSvcrRef><BkTxCd><Domn><Cd>PMNT</Cd><Fmly><Cd>RCDT</Cd><SubFmlyCd>ATXN</SubFmlyCd></Fmly></Domn></BkTxCd><NtryDtls><Btch><NbOfTxs>1</NbOfTxs></Btch><TxDtls><Refs><AcctSvcrRef>220905CH09621A3V</AcctSvcrRef><InstrId>9901748E65045674</InstrId><EndToEndId>CONCA00000004916</EndToEndId><Prtry><Tp>00</Tp><Ref>220905CH09621A3V</Ref></Prtry></Refs><Amt Ccy="CHF">150.57</Amt><CdtDbtInd>CRDT</CdtDbtInd><BkTxCd><Domn><Cd>PMNT</Cd><Fmly><Cd>RCDT</Cd><SubFmlyCd>ATXN</SubFmlyCd></Fmly></Domn></BkTxCd><RltdPties><Dbtr><Nm>CONCARDIS GMBH</Nm><PstlAdr><AdrLine>HELFMANN PARK 7 DE 65760 ESCHBORN</AdrLine></PstlAdr></Dbtr><DbtrAcct><Id><IBAN>CH830023023065770601M</IBAN></Id></DbtrAcct><CdtrAcct><Id><IBAN>CH9209000000414939852</IBAN></Id></CdtrAcct></RltdPties><RltdAgts><DbtrAgt><FinInstnId><ClrSysMmbId><MmbId>230</MmbId></ClrSysMmbId><Nm>UBS Switzerland AG</Nm><PstlAdr><AdrLine>Bahnhofstrasse 45</AdrLine><AdrLine>8098 Zürich</AdrLine></PstlAdr></FinInstnId></DbtrAgt></RltdAgts><RmtInf><Ustrd>MC:DAT24.08.22:ZAHL-NR000007:BRUTTO</Ustrd><Ustrd>152,74:KOM2,17:VP156589700:FIL:TRX2</Ustrd><Strd><AddtlRmtInf>?REJECT?0</AddtlRmtInf><AddtlRmtInf>?ERROR?000</AddtlRmtInf></Strd></RmtInf><RltdDts><AccptncDtTm>2022-09-05T20:00:00</AccptncDtTm></RltdDts></TxDtls></NtryDtls><AddtlNtryInf>GUTSCHRIFT AUFTRAGGEBER: CONCARDIS GMBH HELFMANN PARK 7 DE 65760 ESCHBORN MITTEILUNGEN: MC:DAT24.08.22:ZAHL-NR000007:BRUTTO 152,74:KOM2,17:VP156589700:FIL:TRX2 SPESENBETRAG 0.00 CHF SHA REFERENZEN: CONCA00000004916 9901748E65045674 220905CH09621A3V</AddtlNtryInf></Ntry><Ntry><NtryRef>CH9209000000414939852</NtryRef><Amt Ccy="CHF">11000.00</Amt><CdtDbtInd>CRDT</CdtDbtInd><RvslInd>false</RvslInd><Sts>BOOK</Sts><BookgDt><Dt>2022-09-05</Dt></BookgDt><ValDt><Dt>2022-09-05</Dt></ValDt><AcctSvcrRef>24822010964DMC7K</AcctSvcrRef><BkTxCd><Domn><Cd>PMNT</Cd><Fmly><Cd>RCDT</Cd><SubFmlyCd>ATXN</SubFmlyCd></Fmly></Domn></BkTxCd><NtryDtls><Btch><NbOfTxs>1</NbOfTxs></Btch><TxDtls><Refs><AcctSvcrRef>220905CH0964DMC7</AcctSvcrRef><InstrId>6014248H04551621</InstrId><EndToEndId>WD20220905063117</EndToEndId><Prtry><Tp>00</Tp><Ref>220905CH0964DMC7</Ref></Prtry></Refs><Amt Ccy="CHF">11000.00</Amt><CdtDbtInd>CRDT</CdtDbtInd><BkTxCd><Domn><Cd>PMNT</Cd><Fmly><Cd>RCDT</Cd><SubFmlyCd>ATXN</SubFmlyCd></Fmly></Domn></BkTxCd><RltdPties><Dbtr><Nm>PAYPAL PTE LTD</Nm><PstlAdr><AdrLine>TEMASEK BLVD 09-01 SUNTEC TOWER</AdrLine><AdrLine>5  SINGAPORE  38985 SG        3898</AdrLine></PstlAdr></Dbtr><DbtrAcct><Id><IBAN>CH0608726000030291027</IBAN></Id></DbtrAcct><CdtrAcct><Id><IBAN>CH9209000000414939852</IBAN></Id></CdtrAcct></RltdPties><RltdAgts><DbtrAgt><FinInstnId><BICFI>BOFACH2X</BICFI><Nm>BANK OF AMERICA EUROPE DESIGNATED ACTIVITY COMPANY, ZURICH BRANCH</Nm><PstlAdr><AdrLine>STOCKERSTRASSE , 23</AdrLine><AdrLine>8002 ZUERICH</AdrLine></PstlAdr></FinInstnId></DbtrAgt></RltdAgts><RmtInf><Ustrd>1022173009959</Ustrd><Strd><AddtlRmtInf>?REJECT?0</AddtlRmtInf><AddtlRmtInf>?ERROR?000</AddtlRmtInf></Strd></RmtInf><RltdDts><AccptncDtTm>2022-09-05T20:00:00</AccptncDtTm></RltdDts></TxDtls></NtryDtls><AddtlNtryInf>GUTSCHRIFT AUFTRAGGEBER: PAYPAL PTE LTD  TEMASEK BLVD 09-01 SUNTEC TOWER  5  SINGAPORE  38985 SG        3898 MITTEILUNGEN: 1022173009959 REFERENZEN: WD20220905063117 6014248H04551621 220905CH0964DMC7</AddtlNtryInf></Ntry><Ntry><NtryRef>CH4330000001414939852</NtryRef><Amt Ccy="CHF">9478.67</Amt><CdtDbtInd>CRDT</CdtDbtInd><RvslInd>false</RvslInd><Sts>BOOK</Sts><BookgDt><Dt>2022-09-05</Dt></BookgDt><ValDt><Dt>2022-09-05</Dt></ValDt><AcctSvcrRef>24822000964XE3FU</AcctSvcrRef><BkTxCd><Domn><Cd>PMNT</Cd><Fmly><Cd>RCDT</Cd><SubFmlyCd>VCOM</SubFmlyCd></Fmly></Domn></BkTxCd><NtryDtls><TxDtls><Refs><AcctSvcrRef>24822000964XE3FU</AcctSvcrRef></Refs><Amt Ccy="CHF">9478.67</Amt><CdtDbtInd>CRDT</CdtDbtInd></TxDtls></NtryDtls><AddtlNtryInf>SAMMELGUTSCHRIFT FÜR KONTO: CH4330000001414939852 VERARBEITUNG VOM 05.09.2022 PAKET ID: 220905CH00000910</AddtlNtryInf></Ntry><Ntry><NtryRef>CH9530000002414939852</NtryRef><Amt Ccy="CHF">261.10</Amt><CdtDbtInd>CRDT</CdtDbtInd><RvslInd>false</RvslInd><Sts>BOOK</Sts><BookgDt><Dt>2022-09-05</Dt></BookgDt><ValDt><Dt>2022-09-05</Dt></ValDt><AcctSvcrRef>24822000964X935U</AcctSvcrRef><BkTxCd><Domn><Cd>PMNT</Cd><Fmly><Cd>RCDT</Cd><SubFmlyCd>VCOM</SubFmlyCd></Fmly></Domn></BkTxCd><NtryDtls><TxDtls><Refs><AcctSvcrRef>24822000964X935U</AcctSvcrRef></Refs><Amt Ccy="CHF">261.10</Amt><CdtDbtInd>CRDT</CdtDbtInd></TxDtls></NtryDtls><AddtlNtryInf>SAMMELGUTSCHRIFT FÜR KONTO: CH9530000002414939852 VERARBEITUNG VOM 05.09.2022 PAKET ID: 220905CH00000E7A</AddtlNtryInf></Ntry><Ntry><Amt Ccy="CHF">79.90</Amt><CdtDbtInd>CRDT</CdtDbtInd><RvslInd>false</RvslInd><Sts>BOOK</Sts><BookgDt><Dt>2022-09-05</Dt></BookgDt><ValDt><Dt>2022-09-05</Dt></ValDt><AcctSvcrRef>2482400207563682</AcctSvcrRef><BkTxCd><Domn><Cd>PMNT</Cd><Fmly><Cd>MCRD</Cd><SubFmlyCd>POSP</SubFmlyCd></Fmly></Domn></BkTxCd><NtryDtls><TxDtls><Refs><AcctSvcrRef>2482400207563682</AcctSvcrRef></Refs><Amt Ccy="CHF">79.90</Amt><CdtDbtInd>CRDT</CdtDbtInd></TxDtls></NtryDtls><AddtlNtryInf>GUTSCHRIFT E-PAYMENT-TRANSAKTIONEN POSTFINANCE CARD EINLIEFERUNG VOM 04.09.2022 EVERSMART PRODUCTS HANDELS GMBH PFAQ08UA0000001 WWW.AIR-HALLUX.CH</AddtlNtryInf></Ntry></Stmt></BkToCstmrStmt></Document>
