<?xml version="1.0" encoding="UTF-8"?>
<Document xmlns="urn:iso:std:iso:20022:tech:xsd:camt.053.001.04" xmlns:xsi="http://www.w3.org/2001/XMLSchema-instance" xsi:schemaLocation="urn:iso:std:iso:20022:tech:xsd:camt.053.001.04 camt.053.001.04.xsd"><BkToCstmrStmt><GrpHdr><MsgId>20220729375204892334545</MsgId><CreDtTm>2022-07-30T01:49:08</CreDtTm><MsgPgntn><PgNb>1</PgNb><LastPgInd>true</LastPgInd></MsgPgntn><AddtlInf>SPS/1.7/PROD</AddtlInf></GrpHdr><Stmt><Id>20220729375204892334560</Id><ElctrncSeqNb>147</ElctrncSeqNb><CreDtTm>2022-07-30T01:49:08</CreDtTm><FrToDt><FrDtTm>2022-07-29T00:00:00</FrDtTm><ToDtTm>2022-07-29T23:59:59</ToDtTm></FrToDt><Acct><Id><IBAN>CH9209000000414939852</IBAN></Id><Ownr><Nm>eversmart products Handels GmbH Pfäffikon SZ</Nm></Ownr></Acct><Bal><Tp><CdOrPrtry><Cd>OPBD</Cd></CdOrPrtry></Tp><Amt Ccy="CHF">137484.17</Amt><CdtDbtInd>CRDT</CdtDbtInd><Dt><Dt>2022-07-29</Dt></Dt></Bal><Bal><Tp><CdOrPrtry><Cd>CLBD</Cd></CdOrPrtry></Tp><Amt Ccy="CHF">55789.83</Amt><CdtDbtInd>CRDT</CdtDbtInd><Dt><Dt>2022-07-29</Dt></Dt></Bal><Bal><Tp><CdOrPrtry><Cd>CLAV</Cd></CdOrPrtry></Tp><Amt Ccy="CHF">55789.83</Amt><CdtDbtInd>CRDT</CdtDbtInd><Dt><Dt>2022-07-29</Dt></Dt></Bal><Ntry><Amt Ccy="CHF">32.85</Amt><CdtDbtInd>DBIT</CdtDbtInd><RvslInd>false</RvslInd><Sts>BOOK</Sts><BookgDt><Dt>2022-07-29</Dt></BookgDt><ValDt><Dt>2022-07-29</Dt></ValDt><AcctSvcrRef>210220008ZQVP39K</AcctSvcrRef><BkTxCd><Domn><Cd>PMNT</Cd><Fmly><Cd>ICDT</Cd><SubFmlyCd>AUTT</SubFmlyCd></Fmly></Domn></BkTxCd><NtryDtls><TxDtls><Refs><AcctSvcrRef>25-629468607-1</AcctSvcrRef><PmtInfId>25:629468607</PmtInfId><InstrId>20220726000800442149993</InstrId></Refs><Amt Ccy="CHF">32.85</Amt><CdtDbtInd>DBIT</CdtDbtInd><BkTxCd><Domn><Cd>PMNT</Cd><Fmly><Cd>ICDT</Cd><SubFmlyCd>AUTT</SubFmlyCd></Fmly></Domn></BkTxCd><RltdPties><Cdtr><Nm>Credit Suisse</Nm><PstlAdr><Ctry>CH</Ctry><AdrLine>8070 Zürich CS</AdrLine></PstlAdr></Cdtr><CdtrAcct><Id><Othr><Id>010026654</Id></Othr></Id></CdtrAcct></RltdPties><RmtInf><Strd><CdtrRefInf><Tp><CdOrPrtry><Prtry>ESR</Prtry></CdOrPrtry></Tp><Ref>939801000000000000006355167</Ref></CdtrRefInf><AddtlRmtInf>Rajapack Klebepunkte</AddtlRmtInf></Strd></RmtInf></TxDtls></NtryDtls><AddtlNtryInf>ESR 01-2665-4 Credit Suisse 8070 Zürich CS SENDER REFERENZ: Rajapack Klebepunkte 20220726000800442149993</AddtlNtryInf></Ntry><Ntry><Amt Ccy="CHF">98826.96</Amt><CdtDbtInd>DBIT</CdtDbtInd><RvslInd>false</RvslInd><Sts>BOOK</Sts><BookgDt><Dt>2022-07-29</Dt></BookgDt><ValDt><Dt>2022-07-29</Dt></ValDt><AcctSvcrRef>210220008XVUIE9K</AcctSvcrRef><BkTxCd><Domn><Cd>PMNT</Cd><Fmly><Cd>ICDT</Cd><SubFmlyCd>DMCT</SubFmlyCd></Fmly></Domn></BkTxCd><NtryDtls><TxDtls><Refs><AcctSvcrRef>25-621941690-1</AcctSvcrRef><PmtInfId>25:621941690</PmtInfId><InstrId>20220712000800239293484</InstrId></Refs><Amt Ccy="CHF">98826.96</Amt><CdtDbtInd>DBIT</CdtDbtInd><BkTxCd><Domn><Cd>PMNT</Cd><Fmly><Cd>ICDT</Cd><SubFmlyCd>DMCT</SubFmlyCd></Fmly></Domn></BkTxCd><RltdPties><Cdtr><Nm>Google Ireland Ltd.</Nm><PstlAdr><Ctry>CH</Ctry></PstlAdr></Cdtr><CdtrAcct><Id><IBAN>CH0389095000011074865</IBAN></Id></CdtrAcct></RltdPties><RltdAgts><CdtrAgt><FinInstnId><BICFI>CITIGB2LXXX</BICFI><Nm>Citibank N.A.</Nm><PstlAdr><Ctry>CH</Ctry><AdrLine>Canada Square / Canary Wharf E14 5LB London</AdrLine></PstlAdr></FinInstnId></CdtrAgt></RltdAgts><RmtInf><Ustrd>4213902023</Ustrd><Strd><AddtlRmtInf>Google Ads Juni 22</AddtlRmtInf></Strd></RmtInf></TxDtls></NtryDtls><AddtlNtryInf>LASTSCHRIFT Citibank N.A. Canada Square / Canary Wharf E14 5LB London CH0389095000011074865 Google Ireland Ltd. SENDER REFERENZ: Google Ads Juni 22 20220712000800239293484</AddtlNtryInf></Ntry><Ntry><Amt Ccy="CHF">3197.07</Amt><CdtDbtInd>CRDT</CdtDbtInd><RvslInd>false</RvslInd><Sts>BOOK</Sts><BookgDt><Dt>2022-07-29</Dt></BookgDt><ValDt><Dt>2022-07-29</Dt></ValDt><AcctSvcrRef>21022000907GZTEK</AcctSvcrRef><BkTxCd><Domn><Cd>PMNT</Cd><Fmly><Cd>RCDT</Cd><SubFmlyCd>AUTT</SubFmlyCd></Fmly></Domn></BkTxCd><NtryDtls><Btch><NbOfTxs>1</NbOfTxs></Btch><TxDtls><Refs><MsgId>TWINT20220727-101-Merchant</MsgId><AcctSvcrRef>220728CH0907GZTE</AcctSvcrRef><PmtInfId>TWINT20220727-101-Merchant-B1</PmtInfId><InstrId>ed2e0d05d09f4b02982edb2f959265f9</InstrId><EndToEndId>TWINT20220727-101-Merchant-B1</EndToEndId><Prtry><Tp>00</Tp><Ref>220728CH0907GZTE</Ref></Prtry></Refs><Amt Ccy="CHF">3197.07</Amt><CdtDbtInd>CRDT</CdtDbtInd><BkTxCd><Domn><Cd>PMNT</Cd><Fmly><Cd>RCDT</Cd><SubFmlyCd>AUTT</SubFmlyCd></Fmly></Domn></BkTxCd><RltdPties><Dbtr><Nm>TWINT Acquiring AG</Nm><PstlAdr><StrtNm>Stauffacherstrasse</StrtNm><BldgNb>41</BldgNb><PstCd>8004</PstCd><TwnNm>Zürich</TwnNm><Ctry>CH</Ctry></PstlAdr></Dbtr><DbtrAcct><Id><IBAN>CH6609000000313087410</IBAN></Id></DbtrAcct><CdtrAcct><Id><IBAN>CH9209000000414939852</IBAN></Id></CdtrAcct></RltdPties><RltdAgts><DbtrAgt><FinInstnId><BICFI>POFICHBEXXX</BICFI><Nm>POSTFINANCE AG</Nm><PstlAdr><AdrLine>MINGERSTRASSE , 20</AdrLine><AdrLine>3030 BERN</AdrLine></PstlAdr></FinInstnId></DbtrAgt></RltdAgts><RmtInf><Ustrd>999999 TWINT TWINT Auszahlungen Pay</Ustrd><Ustrd>out 20220728                       </Ustrd><Ustrd>   Gross: 3239.20 Fees: -42.13</Ustrd><Strd><AddtlRmtInf>?REJECT?0</AddtlRmtInf><AddtlRmtInf>?ERROR?000</AddtlRmtInf></Strd></RmtInf><RltdDts><AccptncDtTm>2022-07-29T20:00:00</AccptncDtTm></RltdDts></TxDtls></NtryDtls><AddtlNtryInf>GUTSCHRIFT CH6609000000313087410 ABSENDER: TWINT Acquiring AG Stauffacherstrasse 41 8004 Zürich MITTEILUNGEN: 999999 TWINT TWINT Auszahlungen Pay out 20220728                           Gross: 3239.20 Fees: -42.13 REFERENZEN: TWINT20220727-101-Merchant-B1</AddtlNtryInf></Ntry><Ntry><Amt Ccy="CHF">3280.32</Amt><CdtDbtInd>CRDT</CdtDbtInd><RvslInd>false</RvslInd><Sts>BOOK</Sts><BookgDt><Dt>2022-07-29</Dt></BookgDt><ValDt><Dt>2022-07-29</Dt></ValDt><AcctSvcrRef>2102201090J4H5SK</AcctSvcrRef><BkTxCd><Domn><Cd>PMNT</Cd><Fmly><Cd>RCDT</Cd><SubFmlyCd>ATXN</SubFmlyCd></Fmly></Domn></BkTxCd><NtryDtls><Btch><NbOfTxs>1</NbOfTxs></Btch><TxDtls><Refs><AcctSvcrRef>220729CH090J4H5S</AcctSvcrRef><InstrId>LON03239525245</InstrId><EndToEndId>NOTPROVIDED</EndToEndId><Prtry><Tp>00</Tp><Ref>220729CH090J4H5S</Ref></Prtry></Refs><Amt Ccy="CHF">3280.32</Amt><CdtDbtInd>CRDT</CdtDbtInd><BkTxCd><Domn><Cd>PMNT</Cd><Fmly><Cd>RCDT</Cd><SubFmlyCd>ATXN</SubFmlyCd></Fmly></Domn></BkTxCd><RltdPties><Dbtr><Nm>STRIPE PAYMENTS UK LTD</Nm><PstlAdr><AdrLine>9TH FLOOR, 107 CHEAPSIDE GB - LONDO</AdrLine><AdrLine>N EC2V 6DN</AdrLine></PstlAdr></Dbtr><DbtrAcct><Id><IBAN>DK6289000000010375</IBAN></Id></DbtrAcct><CdtrAcct><Id><IBAN>CH9209000000414939852</IBAN></Id></CdtrAcct></RltdPties><RltdAgts><DbtrAgt><FinInstnId><BICFI>CITIGB2LXXX</BICFI><Nm>CITIBANK N.A.</Nm><PstlAdr><AdrLine>CITIBANK CENTRE25 CANADA SQUARE</AdrLine><AdrLine>E14 5LB LONDON</AdrLine></PstlAdr></FinInstnId></DbtrAgt></RltdAgts><RmtInf><Ustrd>STRIPE K3Y2C7</Ustrd><Strd><AddtlRmtInf>?REJECT?0</AddtlRmtInf><AddtlRmtInf>?ERROR?000</AddtlRmtInf></Strd></RmtInf><RltdDts><AccptncDtTm>2022-07-29T20:00:00</AccptncDtTm></RltdDts></TxDtls></NtryDtls><AddtlNtryInf>GUTSCHRIFT AUFTRAGGEBER: STRIPE PAYMENTS UK LTD 9TH FLOOR, 107 CHEAPSIDE GB - LONDO N EC2V 6DN MITTEILUNGEN: STRIPE K3Y2C7 SPESENBETRAG 0.00 CHF SHA REFERENZEN: NOTPROVIDED LON03239525245 220729CH090J4H5S</AddtlNtryInf></Ntry><Ntry><NtryRef>CH4330000001414939852</NtryRef><Amt Ccy="CHF">10588.18</Amt><CdtDbtInd>CRDT</CdtDbtInd><RvslInd>false</RvslInd><Sts>BOOK</Sts><BookgDt><Dt>2022-07-29</Dt></BookgDt><ValDt><Dt>2022-07-29</Dt></ValDt><AcctSvcrRef>2102200090NSJ9DU</AcctSvcrRef><BkTxCd><Domn><Cd>PMNT</Cd><Fmly><Cd>RCDT</Cd><SubFmlyCd>VCOM</SubFmlyCd></Fmly></Domn></BkTxCd><Chrgs><TtlChrgsAndTaxAmt Ccy="CHF">2.35</TtlChrgsAndTaxAmt><Rcrd><Amt Ccy="CHF">2.35</Amt><CdtDbtInd>DBIT</CdtDbtInd><ChrgInclInd>false</ChrgInclInd><Tp><Prtry><Id>2</Id></Prtry></Tp></Rcrd></Chrgs><NtryDtls><TxDtls><Refs><AcctSvcrRef>2102200090NSJ9DU</AcctSvcrRef></Refs><Amt Ccy="CHF">10588.18</Amt><CdtDbtInd>CRDT</CdtDbtInd></TxDtls></NtryDtls><AddtlNtryInf>SAMMELGUTSCHRIFT FÜR KONTO: CH4330000001414939852 VERARBEITUNG VOM 29.07.2022 PAKET ID: 220729CH000009DC</AddtlNtryInf></Ntry><Ntry><Amt Ccy="CHF">99.90</Amt><CdtDbtInd>CRDT</CdtDbtInd><RvslInd>false</RvslInd><Sts>BOOK</Sts><BookgDt><Dt>2022-07-29</Dt></BookgDt><ValDt><Dt>2022-07-29</Dt></ValDt><AcctSvcrRef>2102400148631747</AcctSvcrRef><BkTxCd><Domn><Cd>PMNT</Cd><Fmly><Cd>MCRD</Cd><SubFmlyCd>POSP</SubFmlyCd></Fmly></Domn></BkTxCd><NtryDtls><TxDtls><Refs><AcctSvcrRef>2102400148631747</AcctSvcrRef></Refs><Amt Ccy="CHF">99.90</Amt><CdtDbtInd>CRDT</CdtDbtInd></TxDtls></NtryDtls><AddtlNtryInf>GUTSCHRIFT E-PAYMENT-TRANSAKTIONEN POSTFINANCE CARD EINLIEFERUNG VOM 28.07.2022 eversmart products Handels GmbH PFAQ08TY0000001 www.anti-ronflement.ch/</AddtlNtryInf></Ntry></Stmt></BkToCstmrStmt></Document>
