<?xml version="1.0" encoding="UTF-8"?>
<Document xmlns="urn:iso:std:iso:20022:tech:xsd:camt.054.001.04" xmlns:xsi="http://www.w3.org/2001/XMLSchema-instance" xsi:schemaLocation="urn:iso:std:iso:20022:tech:xsd:camt.054.001.04 camt.054.001.04.xsd"><BkToCstmrDbtCdtNtfctn><GrpHdr><MsgId>20220905375204921278043</MsgId><CreDtTm>2022-09-05T23:42:48</CreDtTm><MsgPgntn><PgNb>1</PgNb><LastPgInd>true</LastPgInd></MsgPgntn><AddtlInf>SPS/1.7/PROD</AddtlInf></GrpHdr><Ntfctn><Id>20220905375204921278044</Id><CreDtTm>2022-09-05T23:42:48</CreDtTm><FrToDt><FrDtTm>2022-09-03T00:00:00</FrDtTm><ToDtTm>2022-09-05T23:59:59</ToDtTm></FrToDt><RptgSrc><Prtry>OTHR</Prtry></RptgSrc><Acct><Id><IBAN>CH9209000000414939852</IBAN></Id><Ownr><Nm>eversmart products Handels GmbH Pfäffikon SZ</Nm></Ownr></Acct><Ntry><NtryRef>CH9530000002414939852</NtryRef><Amt Ccy="CHF">261.10</Amt><CdtDbtInd>CRDT</CdtDbtInd><RvslInd>false</RvslInd><Sts>BOOK</Sts><BookgDt><Dt>2022-09-05</Dt></BookgDt><ValDt><Dt>2022-09-05</Dt></ValDt><AcctSvcrRef>24822000964X935U</AcctSvcrRef><BkTxCd><Domn><Cd>PMNT</Cd><Fmly><Cd>RCDT</Cd><SubFmlyCd>VCOM</SubFmlyCd></Fmly></Domn></BkTxCd><NtryDtls><Btch><NbOfTxs>4</NbOfTxs></Btch><TxDtls><Refs><AcctSvcrRef>220904CH095X566P</AcctSvcrRef><InstrId>20220904000800102459944</InstrId><Prtry><Tp>00</Tp><Ref>20220905375204584800781</Ref></Prtry></Refs><Amt Ccy="CHF">99.90</Amt><CdtDbtInd>CRDT</CdtDbtInd><BkTxCd><Domn><Cd>PMNT</Cd><Fmly><Cd>RCDT</Cd><SubFmlyCd>AUTT</SubFmlyCd></Fmly></Domn></BkTxCd><RltdPties><Dbtr><Nm>Rizzuti Antonello</Nm><PstlAdr><StrtNm>Marktgasse</StrtNm><BldgNb>54</BldgNb><PstCd>4900</PstCd><TwnNm>Langenthal</TwnNm><Ctry>CH</Ctry></PstlAdr></Dbtr><DbtrAcct><Id><IBAN>CH7309000000303358378</IBAN></Id></DbtrAcct><UltmtDbtr><Nm>antonello rizzuti</Nm><PstlAdr><StrtNm>marktgasse 54 2 stock</StrtNm><PstCd>4900</PstCd><TwnNm>langenthal</TwnNm><Ctry>CH</Ctry></PstlAdr></UltmtDbtr><CdtrAcct><Id><IBAN>CH9530000002414939852</IBAN></Id></CdtrAcct></RltdPties><RltdAgts><DbtrAgt><FinInstnId><BICFI>POFICHBEXXX</BICFI><Nm>POSTFINANCE AG</Nm><PstlAdr><AdrLine>MINGERSTRASSE , 20</AdrLine><AdrLine>3030 BERN</AdrLine></PstlAdr></FinInstnId></DbtrAgt></RltdAgts><RmtInf><Strd><CdtrRefInf><Tp><CdOrPrtry><Prtry>QRR</Prtry></CdOrPrtry></Tp><Ref>000000000000000000000004916</Ref></CdtrRefInf><AddtlRmtInf>?REJECT?0</AddtlRmtInf><AddtlRmtInf>?ERROR?000</AddtlRmtInf><AddtlRmtInf>6794</AddtlRmtInf></Strd></RmtInf><RltdDts><AccptncDtTm>2022-09-05T20:00:00</AccptncDtTm></RltdDts></TxDtls><TxDtls><Refs><AcctSvcrRef>220905CH095YM32H</AcctSvcrRef><InstrId>224837174650001</InstrId><EndToEndId>NOTPROVIDED</EndToEndId><Prtry><Tp>00</Tp><Ref>20220905375204584807163</Ref></Prtry></Refs><Amt Ccy="CHF">31.40</Amt><CdtDbtInd>CRDT</CdtDbtInd><BkTxCd><Domn><Cd>PMNT</Cd><Fmly><Cd>RCDT</Cd><SubFmlyCd>ATXN</SubFmlyCd></Fmly></Domn></BkTxCd><RltdPties><Dbtr><Nm>Doris Gachnang</Nm><PstlAdr><StrtNm>Ammerswilerstr.</StrtNm><BldgNb>28</BldgNb><PstCd>5704</PstCd><TwnNm>Egliswil</TwnNm><Ctry>CH</Ctry></PstlAdr></Dbtr><DbtrAcct><Id><IBAN>CH2000700114805612469</IBAN></Id></DbtrAcct><CdtrAcct><Id><IBAN>CH9530000002414939852</IBAN></Id></CdtrAcct></RltdPties><RltdAgts><DbtrAgt><FinInstnId><ClrSysMmbId><MmbId>700</MmbId></ClrSysMmbId><Nm>Zürcher Kantonalbank</Nm><PstlAdr><AdrLine>8010 Zürich</AdrLine></PstlAdr></FinInstnId></DbtrAgt></RltdAgts><RmtInf><Strd><CdtrRefInf><Tp><CdOrPrtry><Prtry>QRR</Prtry></CdOrPrtry></Tp><Ref>000000000000000000000004714</Ref></CdtrRefInf><AddtlRmtInf>?REJECT?0</AddtlRmtInf><AddtlRmtInf>?ERROR?000</AddtlRmtInf></Strd></RmtInf><RltdDts><AccptncDtTm>2022-09-05T20:00:00</AccptncDtTm></RltdDts></TxDtls><TxDtls><Refs><AcctSvcrRef>220905CH095Z6P97</AcctSvcrRef><InstrId>1266435679/1XXXX</InstrId><EndToEndId>NOTPROVIDED</EndToEndId><Prtry><Tp>00</Tp><Ref>20220905375204585040479</Ref></Prtry></Refs><Amt Ccy="CHF">99.90</Amt><CdtDbtInd>CRDT</CdtDbtInd><BkTxCd><Domn><Cd>PMNT</Cd><Fmly><Cd>RCDT</Cd><SubFmlyCd>ATXN</SubFmlyCd></Fmly></Domn></BkTxCd><RltdPties><Dbtr><Nm>Timo Zozerd</Nm><PstlAdr><AdrLine>Brunnenstrasse 9</AdrLine><AdrLine>CH-9249 Algetshausen</AdrLine></PstlAdr></Dbtr><DbtrAcct><Id><IBAN>CH0300781195534493008</IBAN></Id></DbtrAcct><UltmtDbtr><Nm>REBEKKA REINHART</Nm><PstlAdr><StrtNm>BRUNNENSTRASSE</StrtNm><BldgNb>9</BldgNb><PstCd>9249</PstCd><TwnNm>ALGETSHAUSEN</TwnNm></PstlAdr></UltmtDbtr><CdtrAcct><Id><IBAN>CH9530000002414939852</IBAN></Id></CdtrAcct></RltdPties><RltdAgts><DbtrAgt><FinInstnId><ClrSysMmbId><MmbId>781</MmbId></ClrSysMmbId><Nm>St. Galler Kantonalbank AG</Nm><PstlAdr><AdrLine>9001 St. Gallen</AdrLine></PstlAdr></FinInstnId></DbtrAgt></RltdAgts><RmtInf><Strd><CdtrRefInf><Tp><CdOrPrtry><Prtry>QRR</Prtry></CdOrPrtry></Tp><Ref>000000000000000000000005039</Ref></CdtrRefInf><AddtlRmtInf>?REJECT?0</AddtlRmtInf><AddtlRmtInf>?ERROR?000</AddtlRmtInf><AddtlRmtInf>6809</AddtlRmtInf></Strd></RmtInf><RltdDts><AccptncDtTm>2022-09-05T20:00:00</AccptncDtTm></RltdDts></TxDtls><TxDtls><Refs><AcctSvcrRef>220905CH095ZDAEK</AcctSvcrRef><InstrId>1080248TI8713494</InstrId><EndToEndId>NOTPROVIDED</EndToEndId><Prtry><Tp>00</Tp><Ref>20220905375204585135465</Ref></Prtry></Refs><Amt Ccy="CHF">29.90</Amt><CdtDbtInd>CRDT</CdtDbtInd><BkTxCd><Domn><Cd>PMNT</Cd><Fmly><Cd>RCDT</Cd><SubFmlyCd>ATXN</SubFmlyCd></Fmly></Domn></BkTxCd><RltdPties><Dbtr><Nm>KLARA KISINYO LOCHER</Nm><PstlAdr><AdrLine>RATHAUSGASSE 8 CH 7130 ILANZ</AdrLine></PstlAdr></Dbtr><DbtrAcct><Id><IBAN>CH040020820845477140L</IBAN></Id></DbtrAcct><CdtrAcct><Id><IBAN>CH9530000002414939852</IBAN></Id></CdtrAcct></RltdPties><RltdAgts><DbtrAgt><FinInstnId><ClrSysMmbId><MmbId>208</MmbId></ClrSysMmbId><Nm>UBS Switzerland AG</Nm><PstlAdr><AdrLine>Poststrasse 1</AdrLine><AdrLine>7002 Chur</AdrLine></PstlAdr></FinInstnId></DbtrAgt></RltdAgts><RmtInf><Strd><CdtrRefInf><Tp><CdOrPrtry><Prtry>QRR</Prtry></CdOrPrtry></Tp><Ref>000000000000000000000004953</Ref></CdtrRefInf><AddtlRmtInf>?REJECT?0</AddtlRmtInf><AddtlRmtInf>?ERROR?000</AddtlRmtInf></Strd></RmtInf><RltdDts><AccptncDtTm>2022-09-05T20:00:00</AccptncDtTm></RltdDts></TxDtls></NtryDtls><AddtlNtryInf>SAMMELGUTSCHRIFT FÜR KONTO: CH9530000002414939852 VERARBEITUNG VOM 05.09.2022 PAKET ID: 220905CH00000E7A</AddtlNtryInf></Ntry></Ntfctn></BkToCstmrDbtCdtNtfctn></Document>
