<?xml version="1.0" encoding="UTF-8"?>
<Document xmlns="urn:iso:std:iso:20022:tech:xsd:camt.053.001.04" xmlns:xsi="http://www.w3.org/2001/XMLSchema-instance" xsi:schemaLocation="urn:iso:std:iso:20022:tech:xsd:camt.053.001.04 camt.053.001.04.xsd"><BkToCstmrStmt><GrpHdr><MsgId>20220525375204844736060</MsgId><CreDtTm>2022-05-26T01:38:01</CreDtTm><MsgPgntn><PgNb>1</PgNb><LastPgInd>true</LastPgInd></MsgPgntn><AddtlInf>SPS/1.7/PROD</AddtlInf></GrpHdr><Stmt><Id>20220525375204844736080</Id><ElctrncSeqNb>102</ElctrncSeqNb><CreDtTm>2022-05-26T01:38:01</CreDtTm><FrToDt><FrDtTm>2022-05-25T00:00:00</FrDtTm><ToDtTm>2022-05-25T23:59:59</ToDtTm></FrToDt><Acct><Id><IBAN>CH9209000000414939852</IBAN></Id><Ownr><Nm>eversmart products Handels GmbH Pfäffikon SZ</Nm></Ownr></Acct><Bal><Tp><CdOrPrtry><Cd>OPBD</Cd></CdOrPrtry></Tp><Amt Ccy="CHF">74689.12</Amt><CdtDbtInd>CRDT</CdtDbtInd><Dt><Dt>2022-05-25</Dt></Dt></Bal><Bal><Tp><CdOrPrtry><Cd>CLBD</Cd></CdOrPrtry></Tp><Amt Ccy="CHF">102146.61</Amt><CdtDbtInd>CRDT</CdtDbtInd><Dt><Dt>2022-05-25</Dt></Dt></Bal><Bal><Tp><CdOrPrtry><Cd>CLAV</Cd></CdOrPrtry></Tp><Amt Ccy="CHF">101947.71</Amt><CdtDbtInd>CRDT</CdtDbtInd><Dt><Dt>2022-05-25</Dt></Dt></Bal><Bal><Tp><CdOrPrtry><Cd>FWAV</Cd></CdOrPrtry></Tp><Amt Ccy="CHF">102206.51</Amt><CdtDbtInd>CRDT</CdtDbtInd><Dt><Dt>2022-05-27</Dt></Dt></Bal><Ntry><Amt Ccy="CHF">7827.36</Amt><CdtDbtInd>CRDT</CdtDbtInd><RvslInd>false</RvslInd><Sts>BOOK</Sts><BookgDt><Dt>2022-05-25</Dt></BookgDt><ValDt><Dt>2022-05-25</Dt></ValDt><AcctSvcrRef>145220108QB0VWIK</AcctSvcrRef><BkTxCd><Domn><Cd>PMNT</Cd><Fmly><Cd>RCDT</Cd><SubFmlyCd>ATXN</SubFmlyCd></Fmly></Domn></BkTxCd><NtryDtls><Btch><NbOfTxs>1</NbOfTxs></Btch><TxDtls><Refs><AcctSvcrRef>220525CH08QB0VWI</AcctSvcrRef><InstrId>DNWF220524C58856</InstrId><EndToEndId>SP-10295823-0</EndToEndId><Prtry><Tp>00</Tp><Ref>220525CH08QB0VWI</Ref></Prtry></Refs><Amt Ccy="CHF">7827.36</Amt><CdtDbtInd>CRDT</CdtDbtInd><BkTxCd><Domn><Cd>PMNT</Cd><Fmly><Cd>RCDT</Cd><SubFmlyCd>ATXN</SubFmlyCd></Fmly></Domn></BkTxCd><RltdPties><Dbtr><Nm>Bentour Reisen AG</Nm><PstlAdr><StrtNm>Badenerstrasse</StrtNm><BldgNb>47</BldgNb><PstCd>8004</PstCd><TwnNm>Zurich</TwnNm><Ctry>CH</Ctry></PstlAdr></Dbtr><DbtrAcct><Id><IBAN>CH4704835073003211001</IBAN></Id></DbtrAcct><CdtrAcct><Id><IBAN>CH9209000000414939852</IBAN></Id></CdtrAcct></RltdPties><RltdAgts><DbtrAgt><FinInstnId><ClrSysMmbId><MmbId>4835</MmbId></ClrSysMmbId><Nm>Credit Suisse (Schweiz) AG</Nm><PstlAdr><AdrLine>Paradeplatz 8</AdrLine><AdrLine>8070 Zürich</AdrLine></PstlAdr></FinInstnId></DbtrAgt></RltdAgts><RmtInf><Ustrd>86208</Ustrd><Strd><AddtlRmtInf>?REJECT?0</AddtlRmtInf><AddtlRmtInf>?ERROR?000</AddtlRmtInf></Strd></RmtInf><RltdDts><AccptncDtTm>2022-05-25T20:00:00</AccptncDtTm></RltdDts></TxDtls></NtryDtls><AddtlNtryInf>GUTSCHRIFT AUFTRAGGEBER: Bentour Reisen AG Badenerstrasse 47 8004 Zurich MITTEILUNGEN: 86208 SPESENBETRAG 0.00 CHF SHA REFERENZEN: SP-10295823-0 DNWF220524C58856 220525CH08QB0VWI</AddtlNtryInf></Ntry><Ntry><Amt Ccy="CHF">39.90</Amt><CdtDbtInd>CRDT</CdtDbtInd><RvslInd>false</RvslInd><Sts>BOOK</Sts><BookgDt><Dt>2022-05-25</Dt></BookgDt><ValDt><Dt>2022-05-25</Dt></ValDt><AcctSvcrRef>145220108QB5HOXK</AcctSvcrRef><BkTxCd><Domn><Cd>PMNT</Cd><Fmly><Cd>RCDT</Cd><SubFmlyCd>ATXN</SubFmlyCd></Fmly></Domn></BkTxCd><NtryDtls><Btch><NbOfTxs>1</NbOfTxs></Btch><TxDtls><Refs><AcctSvcrRef>220525CH08QB5HOX</AcctSvcrRef><InstrId>DNWL220524C08465</InstrId><EndToEndId>SP-90428380-0</EndToEndId><Prtry><Tp>00</Tp><Ref>220525CH08QB5HOX</Ref></Prtry></Refs><Amt Ccy="CHF">39.90</Amt><CdtDbtInd>CRDT</CdtDbtInd><BkTxCd><Domn><Cd>PMNT</Cd><Fmly><Cd>RCDT</Cd><SubFmlyCd>ATXN</SubFmlyCd></Fmly></Domn></BkTxCd><RltdPties><Dbtr><Nm>Alexandra Preising</Nm><PstlAdr><StrtNm>General Guisan-Strasse</StrtNm><BldgNb>19</BldgNb><PstCd>4144</PstCd><TwnNm>Arlesheim</TwnNm><Ctry>CH</Ctry></PstlAdr></Dbtr><DbtrAcct><Id><IBAN>CH5104835165557870000</IBAN></Id></DbtrAcct><CdtrAcct><Id><IBAN>CH9209000000414939852</IBAN></Id></CdtrAcct></RltdPties><RltdAgts><DbtrAgt><FinInstnId><ClrSysMmbId><MmbId>4835</MmbId></ClrSysMmbId><Nm>Credit Suisse (Schweiz) AG</Nm><PstlAdr><AdrLine>Paradeplatz 8</AdrLine><AdrLine>8070 Zürich</AdrLine></PstlAdr></FinInstnId></DbtrAgt></RltdAgts><RmtInf><Ustrd>Rechnungsnummer: RE-86952</Ustrd><Strd><AddtlRmtInf>?REJECT?0</AddtlRmtInf><AddtlRmtInf>?ERROR?000</AddtlRmtInf></Strd></RmtInf><RltdDts><AccptncDtTm>2022-05-25T20:00:00</AccptncDtTm></RltdDts></TxDtls></NtryDtls><AddtlNtryInf>GUTSCHRIFT AUFTRAGGEBER: Alexandra Preising General Guisan-Strasse 19 4144 Arlesheim MITTEILUNGEN: Rechnungsnummer: RE-86952 SPESENBETRAG 0.00 CHF SHA REFERENZEN: SP-90428380-0 DNWL220524C08465 220525CH08QB5HOX</AddtlNtryInf></Ntry><Ntry><Amt Ccy="CHF">7.90</Amt><CdtDbtInd>CRDT</CdtDbtInd><RvslInd>false</RvslInd><Sts>BOOK</Sts><BookgDt><Dt>2022-05-25</Dt></BookgDt><ValDt><Dt>2022-05-25</Dt></ValDt><AcctSvcrRef>145220108Q6U6O7K</AcctSvcrRef><BkTxCd><Domn><Cd>PMNT</Cd><Fmly><Cd>RCDT</Cd><SubFmlyCd>AUTT</SubFmlyCd></Fmly></Domn></BkTxCd><NtryDtls><Btch><NbOfTxs>1</NbOfTxs></Btch><TxDtls><Refs><AcctSvcrRef>220524CH08Q6U6O7</AcctSvcrRef><InstrId>20220524000800417592042</InstrId><Prtry><Tp>00</Tp><Ref>220524CH08Q6U6O7</Ref></Prtry></Refs><Amt Ccy="CHF">7.90</Amt><CdtDbtInd>CRDT</CdtDbtInd><BkTxCd><Domn><Cd>PMNT</Cd><Fmly><Cd>RCDT</Cd><SubFmlyCd>AUTT</SubFmlyCd></Fmly></Domn></BkTxCd><RltdPties><Dbtr><Nm>Schwab, Béatrice Corinne</Nm><PstlAdr><StrtNm>Scharnachtalstrasse</StrtNm><BldgNb>4</BldgNb><PstCd>3006</PstCd><TwnNm>Bern</TwnNm><Ctry>CH</Ctry></PstlAdr></Dbtr><DbtrAcct><Id><IBAN>CH8309000000255487049</IBAN></Id></DbtrAcct><CdtrAcct><Id><IBAN>CH9209000000414939852</IBAN></Id></CdtrAcct></RltdPties><RltdAgts><DbtrAgt><FinInstnId><BICFI>POFICHBEXXX</BICFI><Nm>POSTFINANCE AG</Nm><PstlAdr><AdrLine>MINGERSTRASSE , 20</AdrLine><AdrLine>3030 BERN</AdrLine></PstlAdr></FinInstnId></DbtrAgt></RltdAgts><RmtInf><Ustrd>Rechnungsnummer RE-85877 Kundennumm</Ustrd><Ustrd>er 075666</Ustrd><Strd><AddtlRmtInf>?REJECT?0</AddtlRmtInf><AddtlRmtInf>?ERROR?000</AddtlRmtInf></Strd></RmtInf><RltdDts><AccptncDtTm>2022-05-25T20:00:00</AccptncDtTm></RltdDts></TxDtls></NtryDtls><AddtlNtryInf>GUTSCHRIFT CH8309000000255487049 ABSENDER: Schwab, Béatrice Corinne Scharnachtalstrasse 4 3006 Bern MITTEILUNGEN: Rechnungsnummer RE-85877 Kundennumm er 075666</AddtlNtryInf></Ntry><Ntry><Amt Ccy="CHF">995.00</Amt><CdtDbtInd>CRDT</CdtDbtInd><RvslInd>false</RvslInd><Sts>BOOK</Sts><BookgDt><Dt>2022-05-25</Dt></BookgDt><ValDt><Dt>2022-05-25</Dt></ValDt><AcctSvcrRef>145220108O4CBB2K</AcctSvcrRef><BkTxCd><Domn><Cd>PMNT</Cd><Fmly><Cd>RCDT</Cd><SubFmlyCd>AUTT</SubFmlyCd></Fmly></Domn></BkTxCd><NtryDtls><Btch><NbOfTxs>1</NbOfTxs></Btch><TxDtls><Refs><AcctSvcrRef>220509CH08O4CBB2</AcctSvcrRef><InstrId>20220509000800228342565</InstrId><Prtry><Tp>00</Tp><Ref>220509CH08O4CBB2</Ref></Prtry></Refs><Amt Ccy="CHF">995.00</Amt><CdtDbtInd>CRDT</CdtDbtInd><BkTxCd><Domn><Cd>PMNT</Cd><Fmly><Cd>RCDT</Cd><SubFmlyCd>AUTT</SubFmlyCd></Fmly></Domn></BkTxCd><RltdPties><Dbtr><Nm>Waldvogel Yvonne</Nm><PstlAdr><StrtNm>Bahnsteigstrasse</StrtNm><BldgNb>19</BldgNb><PstCd>8212</PstCd><TwnNm>Neuhausen</TwnNm><Ctry>CH</Ctry></PstlAdr></Dbtr><DbtrAcct><Id><IBAN>CH4109000000820229759</IBAN></Id></DbtrAcct><CdtrAcct><Id><IBAN>CH9209000000414939852</IBAN></Id></CdtrAcct></RltdPties><RltdAgts><DbtrAgt><FinInstnId><BICFI>POFICHBEXXX</BICFI><Nm>POSTFINANCE AG</Nm><PstlAdr><AdrLine>MINGERSTRASSE , 20</AdrLine><AdrLine>3030 BERN</AdrLine></PstlAdr></FinInstnId></DbtrAgt></RltdAgts><RmtInf><Ustrd>RE-83306Bestellung 7980</Ustrd><Strd><AddtlRmtInf>?REJECT?0</AddtlRmtInf><AddtlRmtInf>?ERROR?000</AddtlRmtInf></Strd></RmtInf><RltdDts><AccptncDtTm>2022-05-25T20:00:00</AccptncDtTm></RltdDts></TxDtls></NtryDtls><AddtlNtryInf>GUTSCHRIFT CH4109000000820229759 ABSENDER: Waldvogel Yvonne Bahnsteigstrasse 19 8212 Neuhausen MITTEILUNGEN: RE-83306Bestellung 7980</AddtlNtryInf></Ntry><Ntry><Amt Ccy="CHF">45.34</Amt><CdtDbtInd>CRDT</CdtDbtInd><RvslInd>false</RvslInd><Sts>BOOK</Sts><BookgDt><Dt>2022-05-25</Dt></BookgDt><ValDt><Dt>2022-05-25</Dt></ValDt><AcctSvcrRef>145220108QBU27TK</AcctSvcrRef><BkTxCd><Domn><Cd>PMNT</Cd><Fmly><Cd>RCDT</Cd><SubFmlyCd>ATXN</SubFmlyCd></Fmly></Domn></BkTxCd><NtryDtls><Btch><NbOfTxs>1</NbOfTxs></Btch><TxDtls><Refs><AcctSvcrRef>220525CH08QBU27T</AcctSvcrRef><InstrId>1943894402/1XXXX</InstrId><EndToEndId>NOTPROVIDED</EndToEndId><Prtry><Tp>00</Tp><Ref>220525CH08QBU27T</Ref></Prtry></Refs><Amt Ccy="CHF">45.34</Amt><CdtDbtInd>CRDT</CdtDbtInd><BkTxCd><Domn><Cd>PMNT</Cd><Fmly><Cd>RCDT</Cd><SubFmlyCd>ATXN</SubFmlyCd></Fmly></Domn></BkTxCd><RltdPties><Dbtr><Nm>Alison Brenda Schuler</Nm><PstlAdr><AdrLine>Hauptstrasse 18</AdrLine><AdrLine>CH-8572 Graltshausen</AdrLine></PstlAdr></Dbtr><DbtrAcct><Id><IBAN>CH2000784259449482001</IBAN></Id></DbtrAcct><CdtrAcct><Id><IBAN>CH9209000000414939852</IBAN></Id></CdtrAcct></RltdPties><RltdAgts><DbtrAgt><FinInstnId><ClrSysMmbId><MmbId>784</MmbId></ClrSysMmbId><Nm>Thurgauer Kantonalbank</Nm><PstlAdr><AdrLine>8570 Weinfelden</AdrLine></PstlAdr></FinInstnId></DbtrAgt></RltdAgts><RmtInf><Ustrd>RE-86785</Ustrd><Strd><AddtlRmtInf>?REJECT?0</AddtlRmtInf><AddtlRmtInf>?ERROR?000</AddtlRmtInf></Strd></RmtInf><RltdDts><AccptncDtTm>2022-05-25T20:00:00</AccptncDtTm></RltdDts></TxDtls></NtryDtls><AddtlNtryInf>GUTSCHRIFT AUFTRAGGEBER: Alison Brenda Schuler Hauptstrasse 18 CH-8572 Graltshausen MITTEILUNGEN: RE-86785 REFERENZEN: NOTPROVIDED 1943894402/1XXXX 220525CH08QBU27T</AddtlNtryInf></Ntry><Ntry><Amt Ccy="CHF">739.00</Amt><CdtDbtInd>CRDT</CdtDbtInd><RvslInd>false</RvslInd><Sts>BOOK</Sts><BookgDt><Dt>2022-05-25</Dt></BookgDt><ValDt><Dt>2022-05-25</Dt></ValDt><AcctSvcrRef>145220108L3FUFZK</AcctSvcrRef><BkTxCd><Domn><Cd>PMNT</Cd><Fmly><Cd>RCDT</Cd><SubFmlyCd>AUTT</SubFmlyCd></Fmly></Domn></BkTxCd><NtryDtls><Btch><NbOfTxs>1</NbOfTxs></Btch><TxDtls><Refs><AcctSvcrRef>220422CH08L3FUFZ</AcctSvcrRef><InstrId>567758962-1-1</InstrId><Prtry><Tp>00</Tp><Ref>220422CH08L3FUFZ</Ref></Prtry></Refs><Amt Ccy="CHF">739.00</Amt><CdtDbtInd>CRDT</CdtDbtInd><BkTxCd><Domn><Cd>PMNT</Cd><Fmly><Cd>RCDT</Cd><SubFmlyCd>AUTT</SubFmlyCd></Fmly></Domn></BkTxCd><RltdPties><Dbtr><Nm>Baur Florian Johannes</Nm><PstlAdr><StrtNm>Fischmarkt</StrtNm><BldgNb>28</BldgNb><PstCd>4410</PstCd><TwnNm>Liestal</TwnNm><Ctry>CH</Ctry></PstlAdr></Dbtr><DbtrAcct><Id><IBAN>CH6709000000617869540</IBAN></Id></DbtrAcct><CdtrAcct><Id><IBAN>CH9209000000414939852</IBAN></Id></CdtrAcct></RltdPties><RltdAgts><DbtrAgt><FinInstnId><BICFI>POFICHBEXXX</BICFI><Nm>POSTFINANCE AG</Nm><PstlAdr><AdrLine>MINGERSTRASSE , 20</AdrLine><AdrLine>3030 BERN</AdrLine></PstlAdr></FinInstnId></DbtrAgt></RltdAgts><RmtInf><Ustrd>Rechnung RE-79623</Ustrd><Strd><AddtlRmtInf>?REJECT?0</AddtlRmtInf><AddtlRmtInf>?ERROR?000</AddtlRmtInf></Strd></RmtInf><RltdDts><AccptncDtTm>2022-05-25T20:00:00</AccptncDtTm></RltdDts></TxDtls></NtryDtls><AddtlNtryInf>GUTSCHRIFT CH6709000000617869540 ABSENDER: Baur Florian Johannes Fischmarkt 28 4410 Liestal MITTEILUNGEN: Rechnung RE-79623</AddtlNtryInf></Ntry><Ntry><Amt Ccy="CHF">511.21</Amt><CdtDbtInd>CRDT</CdtDbtInd><RvslInd>false</RvslInd><Sts>BOOK</Sts><BookgDt><Dt>2022-05-25</Dt></BookgDt><ValDt><Dt>2022-05-25</Dt></ValDt><AcctSvcrRef>145220108QEHA9YK</AcctSvcrRef><BkTxCd><Domn><Cd>PMNT</Cd><Fmly><Cd>RCDT</Cd><SubFmlyCd>ATXN</SubFmlyCd></Fmly></Domn></BkTxCd><NtryDtls><Btch><NbOfTxs>1</NbOfTxs></Btch><TxDtls><Refs><AcctSvcrRef>220525CH08QEHA9Y</AcctSvcrRef><InstrId>LON03226954728</InstrId><EndToEndId>NOTPROVIDED</EndToEndId><Prtry><Tp>00</Tp><Ref>220525CH08QEHA9Y</Ref></Prtry></Refs><Amt Ccy="CHF">511.21</Amt><CdtDbtInd>CRDT</CdtDbtInd><BkTxCd><Domn><Cd>PMNT</Cd><Fmly><Cd>RCDT</Cd><SubFmlyCd>ATXN</SubFmlyCd></Fmly></Domn></BkTxCd><RltdPties><Dbtr><Nm>STRIPE PAYMENTS UK LTD</Nm><PstlAdr><AdrLine>9TH FLOOR, 107 CHEAPSIDE GB - LONDO</AdrLine><AdrLine>N EC2V 6DN</AdrLine></PstlAdr></Dbtr><DbtrAcct><Id><IBAN>DK6289000000010375</IBAN></Id></DbtrAcct><CdtrAcct><Id><IBAN>CH9209000000414939852</IBAN></Id></CdtrAcct></RltdPties><RltdAgts><DbtrAgt><FinInstnId><BICFI>CITIGB2LXXX</BICFI><Nm>CITIBANK N.A.</Nm><PstlAdr><AdrLine>CITIBANK CENTRE25 CANADA SQUARE</AdrLine><AdrLine>E14 5LB LONDON</AdrLine></PstlAdr></FinInstnId></DbtrAgt></RltdAgts><RmtInf><Ustrd>STRIPE V0C2E3</Ustrd><Strd><AddtlRmtInf>?REJECT?0</AddtlRmtInf><AddtlRmtInf>?ERROR?000</AddtlRmtInf></Strd></RmtInf><RltdDts><AccptncDtTm>2022-05-25T20:00:00</AccptncDtTm></RltdDts></TxDtls></NtryDtls><AddtlNtryInf>GUTSCHRIFT AUFTRAGGEBER: STRIPE PAYMENTS UK LTD 9TH FLOOR, 107 CHEAPSIDE GB - LONDO N EC2V 6DN MITTEILUNGEN: STRIPE V0C2E3 SPESENBETRAG 0.00 CHF SHA REFERENZEN: NOTPROVIDED LON03226954728 220525CH08QEHA9Y</AddtlNtryInf></Ntry><Ntry><Amt Ccy="CHF">313.98</Amt><CdtDbtInd>DBIT</CdtDbtInd><RvslInd>false</RvslInd><Sts>BOOK</Sts><BookgDt><Dt>2022-05-25</Dt></BookgDt><ValDt><Dt>2022-05-25</Dt></ValDt><AcctSvcrRef>145220008Q6SQ9VK</AcctSvcrRef><BkTxCd><Domn><Cd>PMNT</Cd><Fmly><Cd>ICDT</Cd><SubFmlyCd>ESCT</SubFmlyCd></Fmly></Domn></BkTxCd><NtryDtls><TxDtls><Refs><AcctSvcrRef>25-588515708-1</AcctSvcrRef><PmtInfId>25:588515708</PmtInfId><InstrId>20220524000800419042307</InstrId></Refs><Amt Ccy="CHF">313.98</Amt><CdtDbtInd>DBIT</CdtDbtInd><AmtDtls><InstdAmt><Amt Ccy="EUR">301.04</Amt><CcyXchg><SrcCcy>EUR</SrcCcy><XchgRate>1.043</XchgRate></CcyXchg></InstdAmt></AmtDtls><BkTxCd><Domn><Cd>PMNT</Cd><Fmly><Cd>ICDT</Cd><SubFmlyCd>ESCT</SubFmlyCd></Fmly></Domn></BkTxCd><RltdPties><Cdtr><Nm>Shenzhen Pop Display Co., Limited</Nm><PstlAdr><StrtNm>rue du Laboratoire</StrtNm><BldgNb>9</BldgNb><PstCd>1911</PstCd><TwnNm>Luxembourg</TwnNm><Ctry>LU</Ctry></PstlAdr></Cdtr><CdtrAcct><Id><IBAN>LU560670004237547205</IBAN></Id></CdtrAcct></RltdPties><RltdAgts><CdtrAgt><FinInstnId><BICFI>CHASLULXXXX</BICFI><Nm>J.P. MORGAN SE - LUXEMBOURG BRANCH</Nm><PstlAdr><Ctry>LU</Ctry><AdrLine>6 ROUTE DE TREVES L-2663 SENNINGERBERG</AdrLine></PstlAdr></FinInstnId></CdtrAgt></RltdAgts><RmtInf><Ustrd>141523102001020146</Ustrd><Strd><AddtlRmtInf>Display Weltbild, 1/2 Zahlung</AddtlRmtInf></Strd></RmtInf></TxDtls></NtryDtls><AddtlNtryInf>GIRO INTERNATIONAL (SEPA) EUR 301.04 ZUM KURS VON 1.043 J.P. MORGAN SE - LUXEMBOURG BRANCH 6 ROUTE DE TREVES L-2663 SENNINGERBERG LU560670004237547205 Shenzhen Pop Display Co., Limited rue du Laboratoire 9 1911 Luxembourg SENDER REFERENZ: Display Weltbild, 1/2 Zahlung 20220524000800419042307</AddtlNtryInf></Ntry><Ntry><Amt Ccy="CHF">3245.92</Amt><CdtDbtInd>CRDT</CdtDbtInd><RvslInd>false</RvslInd><Sts>BOOK</Sts><BookgDt><Dt>2022-05-25</Dt></BookgDt><ValDt><Dt>2022-05-25</Dt></ValDt><AcctSvcrRef>145220008Q4PFIAK</AcctSvcrRef><BkTxCd><Domn><Cd>PMNT</Cd><Fmly><Cd>RCDT</Cd><SubFmlyCd>AUTT</SubFmlyCd></Fmly></Domn></BkTxCd><NtryDtls><Btch><NbOfTxs>1</NbOfTxs></Btch><TxDtls><Refs><MsgId>TWINT20220523-101-Merchant</MsgId><AcctSvcrRef>220524CH08Q4PFIA</AcctSvcrRef><PmtInfId>TWINT20220523-101-Merchant-B1</PmtInfId><InstrId>f882d72a026d4f8db66f380ecb877d96</InstrId><EndToEndId>TWINT20220523-101-Merchant-B1</EndToEndId><Prtry><Tp>00</Tp><Ref>220524CH08Q4PFIA</Ref></Prtry></Refs><Amt Ccy="CHF">3245.92</Amt><CdtDbtInd>CRDT</CdtDbtInd><BkTxCd><Domn><Cd>PMNT</Cd><Fmly><Cd>RCDT</Cd><SubFmlyCd>AUTT</SubFmlyCd></Fmly></Domn></BkTxCd><RltdPties><Dbtr><Nm>TWINT Acquiring AG</Nm><PstlAdr><StrtNm>Stauffacherstrasse</StrtNm><BldgNb>41</BldgNb><PstCd>8004</PstCd><TwnNm>Zürich</TwnNm><Ctry>CH</Ctry></PstlAdr></Dbtr><DbtrAcct><Id><IBAN>CH6609000000313087410</IBAN></Id></DbtrAcct><CdtrAcct><Id><IBAN>CH9209000000414939852</IBAN></Id></CdtrAcct></RltdPties><RltdAgts><DbtrAgt><FinInstnId><BICFI>POFICHBEXXX</BICFI><Nm>POSTFINANCE AG</Nm><PstlAdr><AdrLine>MINGERSTRASSE , 20</AdrLine><AdrLine>3030 BERN</AdrLine></PstlAdr></FinInstnId></DbtrAgt></RltdAgts><RmtInf><Ustrd>999999 TWINT TWINT Auszahlungen Pay</Ustrd><Ustrd>out 20220524                       </Ustrd><Ustrd>   Gross: 3288.70 Fees: -42.78</Ustrd><Strd><AddtlRmtInf>?REJECT?0</AddtlRmtInf><AddtlRmtInf>?ERROR?000</AddtlRmtInf></Strd></RmtInf><RltdDts><AccptncDtTm>2022-05-25T20:00:00</AccptncDtTm></RltdDts></TxDtls></NtryDtls><AddtlNtryInf>GUTSCHRIFT CH6609000000313087410 ABSENDER: TWINT Acquiring AG Stauffacherstrasse 41 8004 Zürich MITTEILUNGEN: 999999 TWINT TWINT Auszahlungen Pay out 20220524                           Gross: 3288.70 Fees: -42.78 REFERENZEN: TWINT20220523-101-Merchant-B1</AddtlNtryInf></Ntry><Ntry><NtryRef>CH4330000001414939852</NtryRef><Amt Ccy="CHF">14160.94</Amt><CdtDbtInd>CRDT</CdtDbtInd><RvslInd>false</RvslInd><Sts>BOOK</Sts><BookgDt><Dt>2022-05-25</Dt></BookgDt><ValDt><Dt>2022-05-25</Dt></ValDt><AcctSvcrRef>145220008QJZUG5U</AcctSvcrRef><BkTxCd><Domn><Cd>PMNT</Cd><Fmly><Cd>RCDT</Cd><SubFmlyCd>VCOM</SubFmlyCd></Fmly></Domn></BkTxCd><Chrgs><TtlChrgsAndTaxAmt Ccy="CHF">7.90</TtlChrgsAndTaxAmt><Rcrd><Amt Ccy="CHF">7.90</Amt><CdtDbtInd>DBIT</CdtDbtInd><ChrgInclInd>false</ChrgInclInd><Tp><Prtry><Id>2</Id></Prtry></Tp></Rcrd></Chrgs><NtryDtls><TxDtls><Refs><AcctSvcrRef>145220008QJZUG5U</AcctSvcrRef></Refs><Amt Ccy="CHF">14160.94</Amt><CdtDbtInd>CRDT</CdtDbtInd></TxDtls></NtryDtls><AddtlNtryInf>SAMMELGUTSCHRIFT FÜR KONTO: CH4330000001414939852 VERARBEITUNG VOM 25.05.2022 PAKET ID: 220525CH00000AJL</AddtlNtryInf></Ntry><Ntry><NtryRef>011062999</NtryRef><Amt Ccy="CHF">198.90</Amt><CdtDbtInd>CRDT</CdtDbtInd><RvslInd>false</RvslInd><Sts>BOOK</Sts><BookgDt><Dt>2022-05-25</Dt></BookgDt><ValDt><Dt>2022-05-27</Dt></ValDt><AcctSvcrRef>145220008QK1RWEU</AcctSvcrRef><BkTxCd><Domn><Cd>PMNT</Cd><Fmly><Cd>RCDT</Cd><SubFmlyCd>VCOM</SubFmlyCd></Fmly></Domn></BkTxCd><NtryDtls><TxDtls><Refs><AcctSvcrRef>145220008QK1RWEU</AcctSvcrRef></Refs><Amt Ccy="CHF">198.90</Amt><CdtDbtInd>CRDT</CdtDbtInd></TxDtls></NtryDtls><AddtlNtryInf>SAMMELGUTSCHRIFT ESR VERARBEITUNG VOM 25.05.2022 KUNDENNUMMER 01-106299-9 PAKET ID: 220525CH00000MAE</AddtlNtryInf></Ntry></Stmt></BkToCstmrStmt></Document>
