<?xml version="1.0" encoding="UTF-8"?>
<Document xmlns="urn:iso:std:iso:20022:tech:xsd:camt.054.001.04" xmlns:xsi="http://www.w3.org/2001/XMLSchema-instance" xsi:schemaLocation="urn:iso:std:iso:20022:tech:xsd:camt.054.001.04 camt.054.001.04.xsd"><BkToCstmrDbtCdtNtfctn><GrpHdr><MsgId>20221028375204961027499</MsgId><CreDtTm>2022-10-28T23:43:03</CreDtTm><MsgPgntn><PgNb>1</PgNb><LastPgInd>true</LastPgInd></MsgPgntn><AddtlInf>SPS/1.7/PROD</AddtlInf></GrpHdr><Ntfctn><Id>20221028375204961027502</Id><CreDtTm>2022-10-28T23:43:03</CreDtTm><FrToDt><FrDtTm>2022-10-28T00:00:00</FrDtTm><ToDtTm>2022-10-28T23:59:59</ToDtTm></FrToDt><RptgSrc><Prtry>OTHR</Prtry></RptgSrc><Acct><Id><IBAN>CH9209000000414939852</IBAN></Id><Ownr><Nm>eversmart products Handels GmbH Pfäffikon SZ</Nm></Ownr></Acct><Ntry><NtryRef>CH9530000002414939852</NtryRef><Amt Ccy="CHF">97.20</Amt><CdtDbtInd>CRDT</CdtDbtInd><RvslInd>false</RvslInd><Sts>BOOK</Sts><BookgDt><Dt>2022-10-28</Dt></BookgDt><ValDt><Dt>2022-10-28</Dt></ValDt><AcctSvcrRef>301220009EDJ1N6U</AcctSvcrRef><BkTxCd><Domn><Cd>PMNT</Cd><Fmly><Cd>RCDT</Cd><SubFmlyCd>VCOM</SubFmlyCd></Fmly></Domn></BkTxCd><Chrgs><TtlChrgsAndTaxAmt Ccy="CHF">1.20</TtlChrgsAndTaxAmt><Rcrd><Amt Ccy="CHF">1.20</Amt><CdtDbtInd>DBIT</CdtDbtInd><ChrgInclInd>false</ChrgInclInd><Tp><Prtry><Id>2</Id></Prtry></Tp></Rcrd></Chrgs><NtryDtls><Btch><NbOfTxs>2</NbOfTxs></Btch><TxDtls><Refs><AcctSvcrRef>221028CH09E3R46H</AcctSvcrRef><InstrId>EA51800P25109405</InstrId><EndToEndId>NOTPROVIDED</EndToEndId><Prtry><Tp>00</Tp><Ref>20221028375204642303891</Ref></Prtry></Refs><Amt Ccy="CHF">59.90</Amt><CdtDbtInd>CRDT</CdtDbtInd><BkTxCd><Domn><Cd>PMNT</Cd><Fmly><Cd>RCDT</Cd><SubFmlyCd>ATXN</SubFmlyCd></Fmly></Domn></BkTxCd><RltdPties><Dbtr><Nm>MARIA TROEHLER</Nm><PstlAdr><AdrLine>AVENUE DU GRAMMONT 2 CH 1007 LAUSAN</AdrLine><AdrLine>NE</AdrLine></PstlAdr></Dbtr><DbtrAcct><Id><IBAN>CH710024324347282940K</IBAN></Id></DbtrAcct><UltmtDbtr><Nm>MARIA TROEHLER</Nm><PstlAdr><AdrLine>AV. GRAMMONT 2</AdrLine><AdrLine>1007 LAUSANNE</AdrLine></PstlAdr></UltmtDbtr><CdtrAcct><Id><IBAN>CH9530000002414939852</IBAN></Id></CdtrAcct></RltdPties><RltdAgts><DbtrAgt><FinInstnId><ClrSysMmbId><MmbId>243</MmbId></ClrSysMmbId><Nm>UBS Switzerland AG</Nm><PstlAdr><AdrLine>Place St-François 16</AdrLine><AdrLine>1002 Lausanne</AdrLine></PstlAdr></FinInstnId></DbtrAgt></RltdAgts><RmtInf><Strd><CdtrRefInf><Tp><CdOrPrtry><Prtry>QRR</Prtry></CdOrPrtry></Tp><Ref>000000000000000000000006157</Ref></CdtrRefInf><AddtlRmtInf>?REJECT?0</AddtlRmtInf><AddtlRmtInf>?ERROR?000</AddtlRmtInf><AddtlRmtInf>6938</AddtlRmtInf></Strd></RmtInf><RltdDts><AccptncDtTm>2022-10-28T20:00:00</AccptncDtTm></RltdDts></TxDtls><TxDtls><Refs><AcctSvcrRef>221028CH09E4RHIT</AcctSvcrRef><InstrId>20221027322101000200043</InstrId><Prtry><Tp>00</Tp><Ref>20221027322101000200043</Ref></Prtry></Refs><Amt Ccy="CHF">37.30</Amt><CdtDbtInd>CRDT</CdtDbtInd><BkTxCd><Domn><Cd>PMNT</Cd><Fmly><Cd>CNTR</Cd><SubFmlyCd>CDPT</SubFmlyCd></Fmly></Domn></BkTxCd><Chrgs><TtlChrgsAndTaxAmt Ccy="CHF">1.20</TtlChrgsAndTaxAmt><Rcrd><Amt Ccy="CHF">1.20</Amt><CdtDbtInd>DBIT</CdtDbtInd><ChrgInclInd>false</ChrgInclInd><Tp><Prtry><Id>2</Id></Prtry></Tp></Rcrd></Chrgs><RltdPties><UltmtDbtr><Nm>Karin Zimmermann</Nm><PstlAdr><AdrLine>Waldegg 369</AdrLine><AdrLine>3550 Langnau i.E</AdrLine></PstlAdr></UltmtDbtr><CdtrAcct><Id><IBAN>CH9530000002414939852</IBAN></Id></CdtrAcct></RltdPties><RltdAgts><DbtrAgt><FinInstnId><BICFI>POFICHBEXXX</BICFI><Nm>POSTFINANCE AG</Nm><PstlAdr><AdrLine>MINGERSTRASSE 20</AdrLine><AdrLine>3030 BERN</AdrLine></PstlAdr></FinInstnId></DbtrAgt></RltdAgts><RmtInf><Strd><CdtrRefInf><Tp><CdOrPrtry><Prtry>QRR</Prtry></CdOrPrtry></Tp><Ref>000000000000000000000006326</Ref></CdtrRefInf><AddtlRmtInf>?REJECT?0</AddtlRmtInf><AddtlRmtInf>?ERROR?000</AddtlRmtInf><AddtlRmtInf>3616</AddtlRmtInf></Strd></RmtInf><RltdDts><AccptncDtTm>2022-10-27T20:00:00</AccptncDtTm></RltdDts></TxDtls></NtryDtls><AddtlNtryInf>SAMMELGUTSCHRIFT FÜR KONTO: CH9530000002414939852 VERARBEITUNG VOM 28.10.2022 PAKET ID: 221028CH00000FKO</AddtlNtryInf></Ntry></Ntfctn></BkToCstmrDbtCdtNtfctn></Document>
