<?xml version="1.0" encoding="UTF-8"?>
<Document xmlns="urn:iso:std:iso:20022:tech:xsd:camt.053.001.04" xmlns:xsi="http://www.w3.org/2001/XMLSchema-instance" xsi:schemaLocation="urn:iso:std:iso:20022:tech:xsd:camt.053.001.04 camt.053.001.04.xsd"><BkToCstmrStmt><GrpHdr><MsgId>20221013375204950862255</MsgId><CreDtTm>2022-10-14T01:32:21</CreDtTm><MsgPgntn><PgNb>1</PgNb><LastPgInd>true</LastPgInd></MsgPgntn><AddtlInf>SPS/1.7/PROD</AddtlInf></GrpHdr><Stmt><Id>20221013375204950862272</Id><ElctrncSeqNb>201</ElctrncSeqNb><CreDtTm>2022-10-14T01:32:21</CreDtTm><FrToDt><FrDtTm>2022-10-13T00:00:00</FrDtTm><ToDtTm>2022-10-13T23:59:59</ToDtTm></FrToDt><Acct><Id><IBAN>CH9209000000414939852</IBAN></Id><Ownr><Nm>eversmart products Handels GmbH Pfäffikon SZ</Nm></Ownr></Acct><Bal><Tp><CdOrPrtry><Cd>OPBD</Cd></CdOrPrtry></Tp><Amt Ccy="CHF">92896.21</Amt><CdtDbtInd>CRDT</CdtDbtInd><Dt><Dt>2022-10-13</Dt></Dt></Bal><Bal><Tp><CdOrPrtry><Cd>CLBD</Cd></CdOrPrtry></Tp><Amt Ccy="CHF">96963.48</Amt><CdtDbtInd>CRDT</CdtDbtInd><Dt><Dt>2022-10-13</Dt></Dt></Bal><Bal><Tp><CdOrPrtry><Cd>CLAV</Cd></CdOrPrtry></Tp><Amt Ccy="CHF">96963.48</Amt><CdtDbtInd>CRDT</CdtDbtInd><Dt><Dt>2022-10-13</Dt></Dt></Bal><Ntry><Amt Ccy="CHF">39.95</Amt><CdtDbtInd>DBIT</CdtDbtInd><RvslInd>false</RvslInd><Sts>BOOK</Sts><BookgDt><Dt>2022-10-13</Dt></BookgDt><ValDt><Dt>2022-10-13</Dt></ValDt><AcctSvcrRef>286220009BUVOW1K</AcctSvcrRef><BkTxCd><Domn><Cd>PMNT</Cd><Fmly><Cd>ICDT</Cd><SubFmlyCd>DMCT</SubFmlyCd></Fmly></Domn></BkTxCd><NtryDtls><TxDtls><Refs><AcctSvcrRef>25-676152071-1</AcctSvcrRef><PmtInfId>25:676152071</PmtInfId><InstrId>20221012000800767308940</InstrId></Refs><Amt Ccy="CHF">39.95</Amt><CdtDbtInd>DBIT</CdtDbtInd><BkTxCd><Domn><Cd>PMNT</Cd><Fmly><Cd>ICDT</Cd><SubFmlyCd>DMCT</SubFmlyCd></Fmly></Domn></BkTxCd><RltdPties><Cdtr><Nm>Salt Mobile SA</Nm><PstlAdr><StrtNm>Rue du Caudray</StrtNm><BldgNb>4</BldgNb><PstCd>1020</PstCd><TwnNm>Renens</TwnNm><Ctry>CH</Ctry></PstlAdr></Cdtr><CdtrAcct><Id><IBAN>CH213000524349307421T</IBAN></Id></CdtrAcct></RltdPties><RltdAgts><CdtrAgt><FinInstnId><BICFI>UBSWCHZH80A</BICFI><Nm>UBS Switzerland AG</Nm><PstlAdr><Ctry>CH</Ctry><AdrLine>Bahnhofstrasse 45 8098 Zürich</AdrLine></PstlAdr></FinInstnId></CdtrAgt></RltdAgts><RmtInf><Strd><CdtrRefInf><Tp><CdOrPrtry><Prtry>QRR</Prtry></CdOrPrtry></Tp><Ref>276940000000000008311000771</Ref></CdtrRefInf></Strd></RmtInf></TxDtls></NtryDtls><AddtlNtryInf>LASTSCHRIFT UBS SWITZERLAND AG BAHNHOFSTRASSE 45 8098 ZÜRICH CH213000524349307421T SALT MOBILE SA RUE DU CAUDRAY 4 1020 RENENS SENDER REFERENZ: 20221012000800767308940</AddtlNtryInf></Ntry><Ntry><Amt Ccy="CHF">85.90</Amt><CdtDbtInd>DBIT</CdtDbtInd><RvslInd>false</RvslInd><Sts>BOOK</Sts><BookgDt><Dt>2022-10-13</Dt></BookgDt><ValDt><Dt>2022-10-13</Dt></ValDt><AcctSvcrRef>286220009BTJ965K</AcctSvcrRef><BkTxCd><Domn><Cd>PMNT</Cd><Fmly><Cd>ICDT</Cd><SubFmlyCd>BOOK</SubFmlyCd></Fmly></Domn></BkTxCd><NtryDtls><TxDtls><Refs><AcctSvcrRef>25-676152604-1</AcctSvcrRef><PmtInfId>25:676152604</PmtInfId><InstrId>20221012000800767329445</InstrId></Refs><Amt Ccy="CHF">85.90</Amt><CdtDbtInd>DBIT</CdtDbtInd><BkTxCd><Domn><Cd>PMNT</Cd><Fmly><Cd>ICDT</Cd><SubFmlyCd>BOOK</SubFmlyCd></Fmly></Domn></BkTxCd><RltdPties><Cdtr><Nm>Sunrise GmbH</Nm><PstlAdr><Ctry>CH</Ctry><AdrLine>Glattpark(Opfikon)</AdrLine></PstlAdr></Cdtr><CdtrAcct><Id><IBAN>CH7630000003800003679</IBAN></Id></CdtrAcct></RltdPties><RltdAgts><CdtrAgt><FinInstnId><BICFI>POFICHBEXXX</BICFI><PstlAdr><Ctry>CH</Ctry></PstlAdr></FinInstnId></CdtrAgt></RltdAgts><RmtInf><Strd><CdtrRefInf><Tp><CdOrPrtry><Prtry>QRR</Prtry></CdOrPrtry></Tp><Ref>000000000000000007257105013</Ref></CdtrRefInf></Strd></RmtInf></TxDtls></NtryDtls><AddtlNtryInf>LASTSCHRIFT CH7630000003800003679 SUNRISE GMBH GLATTPARK(OPFIKON) SENDER REFERENZ: 20221012000800767329445</AddtlNtryInf></Ntry><Ntry><Amt Ccy="CHF">99.90</Amt><CdtDbtInd>DBIT</CdtDbtInd><RvslInd>false</RvslInd><Sts>BOOK</Sts><BookgDt><Dt>2022-10-13</Dt></BookgDt><ValDt><Dt>2022-10-13</Dt></ValDt><AcctSvcrRef>286220009BTXEDSK</AcctSvcrRef><BkTxCd><Domn><Cd>PMNT</Cd><Fmly><Cd>ICDT</Cd><SubFmlyCd>DMCT</SubFmlyCd></Fmly></Domn></BkTxCd><NtryDtls><TxDtls><Refs><AcctSvcrRef>25-676150287-1</AcctSvcrRef><PmtInfId>25:676150287</PmtInfId><InstrId>20221012000800767242895</InstrId></Refs><Amt Ccy="CHF">99.90</Amt><CdtDbtInd>DBIT</CdtDbtInd><BkTxCd><Domn><Cd>PMNT</Cd><Fmly><Cd>ICDT</Cd><SubFmlyCd>DMCT</SubFmlyCd></Fmly></Domn></BkTxCd><RltdPties><Cdtr><Nm>Salt Mobile SA</Nm><PstlAdr><Ctry>CH</Ctry></PstlAdr></Cdtr><CdtrAcct><Id><IBAN>CH973000522810925900C</IBAN></Id></CdtrAcct></RltdPties><RltdAgts><CdtrAgt><FinInstnId><BICFI>UBSWCHZH80A</BICFI><Nm>UBS Switzerland AG</Nm><PstlAdr><Ctry>CH</Ctry><AdrLine>Bahnhofstrasse 45 8098 Zürich</AdrLine></PstlAdr></FinInstnId></CdtrAgt></RltdAgts><RmtInf><Strd><CdtrRefInf><Tp><CdOrPrtry><Prtry>QRR</Prtry></CdOrPrtry></Tp><Ref>000000000000000009014938764</Ref></CdtrRefInf></Strd></RmtInf></TxDtls></NtryDtls><AddtlNtryInf>LASTSCHRIFT UBS SWITZERLAND AG BAHNHOFSTRASSE 45 8098 ZÜRICH CH973000522810925900C SALT MOBILE SA SENDER REFERENZ: 20221012000800767242895</AddtlNtryInf></Ntry><Ntry><Amt Ccy="CHF">683.00</Amt><CdtDbtInd>DBIT</CdtDbtInd><RvslInd>false</RvslInd><Sts>BOOK</Sts><BookgDt><Dt>2022-10-13</Dt></BookgDt><ValDt><Dt>2022-10-13</Dt></ValDt><AcctSvcrRef>286220009BTC1X6K</AcctSvcrRef><BkTxCd><Domn><Cd>PMNT</Cd><Fmly><Cd>ICDT</Cd><SubFmlyCd>BOOK</SubFmlyCd></Fmly></Domn></BkTxCd><NtryDtls><TxDtls><Refs><AcctSvcrRef>25-676153495-1</AcctSvcrRef><PmtInfId>25:676153495</PmtInfId><InstrId>20221012000800767362835</InstrId></Refs><Amt Ccy="CHF">683.00</Amt><CdtDbtInd>DBIT</CdtDbtInd><BkTxCd><Domn><Cd>PMNT</Cd><Fmly><Cd>ICDT</Cd><SubFmlyCd>BOOK</SubFmlyCd></Fmly></Domn></BkTxCd><RltdPties><Cdtr><Nm>Lamprecht Transport AG</Nm><PstlAdr><Ctry>CH</Ctry><AdrLine>Basel</AdrLine></PstlAdr></Cdtr><CdtrAcct><Id><IBAN>CH1830000001400180103</IBAN></Id></CdtrAcct></RltdPties><RltdAgts><CdtrAgt><FinInstnId><BICFI>POFICHBEXXX</BICFI><PstlAdr><Ctry>CH</Ctry></PstlAdr></FinInstnId></CdtrAgt></RltdAgts><RmtInf><Strd><CdtrRefInf><Tp><CdOrPrtry><Prtry>QRR</Prtry></CdOrPrtry></Tp><Ref>210507000032493212258937256</Ref></CdtrRefInf></Strd></RmtInf></TxDtls></NtryDtls><AddtlNtryInf>LASTSCHRIFT CH1830000001400180103 LAMPRECHT TRANSPORT AG BASEL SENDER REFERENZ: 20221012000800767362835</AddtlNtryInf></Ntry><Ntry><Amt Ccy="CHF">8000.00</Amt><CdtDbtInd>DBIT</CdtDbtInd><RvslInd>false</RvslInd><Sts>BOOK</Sts><BookgDt><Dt>2022-10-13</Dt></BookgDt><ValDt><Dt>2022-10-13</Dt></ValDt><AcctSvcrRef>286220009BU1MEAK</AcctSvcrRef><BkTxCd><Domn><Cd>PMNT</Cd><Fmly><Cd>ICDT</Cd><SubFmlyCd>XBCT</SubFmlyCd></Fmly></Domn></BkTxCd><NtryDtls><TxDtls><Refs><AcctSvcrRef>25-676156471-1</AcctSvcrRef><PmtInfId>25:676156471</PmtInfId><InstrId>20221012000800767465126</InstrId></Refs><Amt Ccy="CHF">8000.00</Amt><CdtDbtInd>DBIT</CdtDbtInd><BkTxCd><Domn><Cd>PMNT</Cd><Fmly><Cd>ICDT</Cd><SubFmlyCd>XBCT</SubFmlyCd></Fmly></Domn></BkTxCd><RltdPties><Cdtr><Nm>ZUM WEB MA</Nm><PstlAdr><StrtNm>Bureau 4 N 591 Rte de Safi Lot Al</StrtNm><PstCd>40000</PstCd><TwnNm>Marrakech</TwnNm><Ctry>MA</Ctry></PstlAdr></Cdtr><CdtrAcct><Id><Othr><Id>MA64011450000005210000887273</Id></Othr></Id></CdtrAcct></RltdPties><RltdAgts><CdtrAgt><FinInstnId><BICFI>BMCEMAMCXXX</BICFI><Nm>BANK OF AFRICA</Nm><PstlAdr><Ctry>MA</Ctry><AdrLine>140 AVENUE HASSAN II 20000 CASABLANCA</AdrLine></PstlAdr></FinInstnId></CdtrAgt></RltdAgts><RmtInf><Strd><AddtlRmtInf>RE 2210, 07/10/2022</AddtlRmtInf></Strd></RmtInf></TxDtls></NtryDtls><AddtlNtryInf>GIRO INTERNATIONAL BANK OF AFRICA 140 AVENUE HASSAN II 20000 CASABLANCA MA64011450000005210000887273 ZUM WEB MA BUREAU 4 N 591 RTE DE SAFI LOT AL 40000 MARRAKECH SENDER REFERENZ: RE 2210, 07/10/2022 20221012000800767465126</AddtlNtryInf></Ntry><Ntry><NtryRef>CH9209000000414939852</NtryRef><Amt Ccy="CHF">3965.93</Amt><CdtDbtInd>CRDT</CdtDbtInd><RvslInd>false</RvslInd><Sts>BOOK</Sts><BookgDt><Dt>2022-10-13</Dt></BookgDt><ValDt><Dt>2022-10-13</Dt></ValDt><AcctSvcrRef>286220009BSF6USK</AcctSvcrRef><BkTxCd><Domn><Cd>PMNT</Cd><Fmly><Cd>RCDT</Cd><SubFmlyCd>AUTT</SubFmlyCd></Fmly></Domn></BkTxCd><NtryDtls><Btch><NbOfTxs>1</NbOfTxs></Btch><TxDtls><Refs><MsgId>TWINT20221011-101-Merchant</MsgId><AcctSvcrRef>221012CH09BSF6US</AcctSvcrRef><PmtInfId>TWINT20221011-101-Merchant-B1</PmtInfId><InstrId>cd8c3a1febd54ad28514cb447b412019</InstrId><EndToEndId>TWINT20221011-101-Merchant-B1</EndToEndId><Prtry><Tp>00</Tp><Ref>221012CH09BSF6US</Ref></Prtry></Refs><Amt Ccy="CHF">3965.93</Amt><CdtDbtInd>CRDT</CdtDbtInd><BkTxCd><Domn><Cd>PMNT</Cd><Fmly><Cd>RCDT</Cd><SubFmlyCd>AUTT</SubFmlyCd></Fmly></Domn></BkTxCd><RltdPties><Dbtr><Nm>TWINT Acquiring AG</Nm><PstlAdr><StrtNm>Stauffacherstrasse</StrtNm><BldgNb>41</BldgNb><PstCd>8004</PstCd><TwnNm>Zürich</TwnNm><Ctry>CH</Ctry></PstlAdr></Dbtr><DbtrAcct><Id><IBAN>CH6609000000313087410</IBAN></Id></DbtrAcct><CdtrAcct><Id><IBAN>CH9209000000414939852</IBAN></Id></CdtrAcct></RltdPties><RltdAgts><DbtrAgt><FinInstnId><BICFI>POFICHBEXXX</BICFI><Nm>POSTFINANCE AG</Nm><PstlAdr><AdrLine>MINGERSTRASSE 20</AdrLine><AdrLine>3030 BERN</AdrLine></PstlAdr></FinInstnId></DbtrAgt></RltdAgts><RmtInf><Ustrd>999999 TWINT TWINT Auszahlungen Pay</Ustrd><Ustrd>out 20221012                       </Ustrd><Ustrd>   Gross: 4018.18 Fees: -52.25</Ustrd><Strd><AddtlRmtInf>?REJECT?0</AddtlRmtInf><AddtlRmtInf>?ERROR?000</AddtlRmtInf></Strd></RmtInf><RltdDts><AccptncDtTm>2022-10-13T20:00:00</AccptncDtTm></RltdDts></TxDtls></NtryDtls><AddtlNtryInf>GUTSCHRIFT CH6609000000313087410 ABSENDER: TWINT ACQUIRING AG STAUFFACHERSTRASSE 41 8004 ZÜRICH MITTEILUNGEN: 999999 TWINT TWINT AUSZAHLUNGEN PAY OUT 20221012                           GROSS: 4018.18 FEES: -52.25 REFERENZEN: TWINT20221011-101-MERCHANT-B1</AddtlNtryInf></Ntry><Ntry><NtryRef>CH9209000000414939852</NtryRef><Amt Ccy="CHF">267.18</Amt><CdtDbtInd>CRDT</CdtDbtInd><RvslInd>false</RvslInd><Sts>BOOK</Sts><BookgDt><Dt>2022-10-13</Dt></BookgDt><ValDt><Dt>2022-10-13</Dt></ValDt><AcctSvcrRef>286220109BZ9CXOK</AcctSvcrRef><BkTxCd><Domn><Cd>PMNT</Cd><Fmly><Cd>RCDT</Cd><SubFmlyCd>ATXN</SubFmlyCd></Fmly></Domn></BkTxCd><NtryDtls><Btch><NbOfTxs>1</NbOfTxs></Btch><TxDtls><Refs><AcctSvcrRef>221013CH09BZ9CXO</AcctSvcrRef><InstrId>LON03254239839</InstrId><EndToEndId>NOTPROVIDED</EndToEndId><Prtry><Tp>00</Tp><Ref>221013CH09BZ9CXO</Ref></Prtry></Refs><Amt Ccy="CHF">267.18</Amt><CdtDbtInd>CRDT</CdtDbtInd><BkTxCd><Domn><Cd>PMNT</Cd><Fmly><Cd>RCDT</Cd><SubFmlyCd>ATXN</SubFmlyCd></Fmly></Domn></BkTxCd><RltdPties><Dbtr><Nm>STRIPE PAYMENTS UK LTD</Nm><PstlAdr><AdrLine>9TH FLOOR, 107 CHEAPSIDE GB - LONDO</AdrLine><AdrLine>N EC2V 6DN</AdrLine></PstlAdr></Dbtr><DbtrAcct><Id><IBAN>DK6289000000010375</IBAN></Id></DbtrAcct><CdtrAcct><Id><IBAN>CH9209000000414939852</IBAN></Id></CdtrAcct></RltdPties><RltdAgts><DbtrAgt><FinInstnId><BICFI>CITIGB2LXXX</BICFI><Nm>CITIBANK N.A.</Nm><PstlAdr><AdrLine>CITIBANK CENTRE25 CANADA SQUARE</AdrLine><AdrLine>E14 5LB LONDON</AdrLine></PstlAdr></FinInstnId></DbtrAgt></RltdAgts><RmtInf><Ustrd>STRIPE Q9F2W7</Ustrd><Strd><AddtlRmtInf>?REJECT?0</AddtlRmtInf><AddtlRmtInf>?ERROR?000</AddtlRmtInf></Strd></RmtInf><RltdDts><AccptncDtTm>2022-10-13T20:00:00</AccptncDtTm></RltdDts></TxDtls></NtryDtls><AddtlNtryInf>GUTSCHRIFT AUFTRAGGEBER: STRIPE PAYMENTS UK LTD 9TH FLOOR, 107 CHEAPSIDE GB - LONDO N EC2V 6DN MITTEILUNGEN: STRIPE Q9F2W7 SPESENBETRAG 0.00 CHF SHA REFERENZEN: NOTPROVIDED LON03254239839 221013CH09BZ9CXO</AddtlNtryInf></Ntry><Ntry><Amt Ccy="CHF">1458.34</Amt><CdtDbtInd>DBIT</CdtDbtInd><RvslInd>false</RvslInd><Sts>BOOK</Sts><BookgDt><Dt>2022-10-13</Dt></BookgDt><ValDt><Dt>2022-10-13</Dt></ValDt><AcctSvcrRef>286220009C06LNUK</AcctSvcrRef><BkTxCd><Domn><Cd>PMNT</Cd><Fmly><Cd>ICDT</Cd><SubFmlyCd>ESCT</SubFmlyCd></Fmly></Domn></BkTxCd><NtryDtls><TxDtls><Refs><AcctSvcrRef>25-676633032-1</AcctSvcrRef><PmtInfId>25:676633032</PmtInfId><InstrId>20221013000800785044400</InstrId></Refs><Amt Ccy="CHF">1458.34</Amt><CdtDbtInd>DBIT</CdtDbtInd><AmtDtls><InstdAmt><Amt Ccy="EUR">1481.30</Amt><CcyXchg><SrcCcy>EUR</SrcCcy><XchgRate>0.9845</XchgRate></CcyXchg></InstdAmt></AmtDtls><BkTxCd><Domn><Cd>PMNT</Cd><Fmly><Cd>ICDT</Cd><SubFmlyCd>ESCT</SubFmlyCd></Fmly></Domn></BkTxCd><RltdPties><Cdtr><Nm>FRESCO INTERNATIONAL 2005, S.A.</Nm><PstlAdr><Ctry>ES</Ctry><AdrLine>Sicília, 143 08013 Barcelona</AdrLine></PstlAdr></Cdtr><CdtrAcct><Id><IBAN>ES2700810137260001233227</IBAN></Id></CdtrAcct></RltdPties><RltdAgts><CdtrAgt><FinInstnId><BICFI>BSABESBBXXX</BICFI><Nm>BANCO DE SABADELL, S.A.</Nm><PstlAdr><Ctry>ES</Ctry><AdrLine>C/SENA , 12 08174 SANT CUGAT DEL VALLES</AdrLine></PstlAdr></FinInstnId></CdtrAgt></RltdAgts><RmtInf><Ustrd>Invoice 11087</Ustrd><Strd><AddtlRmtInf>Fresco Best. vom 15/09/2022</AddtlRmtInf></Strd></RmtInf></TxDtls></NtryDtls><AddtlNtryInf>GIRO INTERNATIONAL (SEPA) EUR 1'481.30 ZUM KURS VON 0.9845 BANCO DE SABADELL, S.A. C/SENA , 12 08174 SANT CUGAT DEL VALLES ES2700810137260001233227 FRESCO INTERNATIONAL 2005, S.A. SICÍLIA, 143 08013 BARCELONA SENDER REFERENZ: FRESCO BEST. VOM 15/09/2022 20221013000800785044400</AddtlNtryInf></Ntry><Ntry><Amt Ccy="CHF">42.65</Amt><CdtDbtInd>DBIT</CdtDbtInd><RvslInd>false</RvslInd><Sts>BOOK</Sts><BookgDt><Dt>2022-10-13</Dt></BookgDt><ValDt><Dt>2022-10-13</Dt></ValDt><AcctSvcrRef>286220009BUUXV8K</AcctSvcrRef><BkTxCd><Domn><Cd>PMNT</Cd><Fmly><Cd>ICDT</Cd><SubFmlyCd>ESCT</SubFmlyCd></Fmly></Domn></BkTxCd><NtryDtls><TxDtls><Refs><AcctSvcrRef>25-676633413-1</AcctSvcrRef><PmtInfId>25:676633413</PmtInfId><InstrId>20221013000800785057415</InstrId></Refs><Amt Ccy="CHF">42.65</Amt><CdtDbtInd>DBIT</CdtDbtInd><AmtDtls><InstdAmt><Amt Ccy="EUR">43.32</Amt><CcyXchg><SrcCcy>EUR</SrcCcy><XchgRate>0.9845</XchgRate></CcyXchg></InstdAmt></AmtDtls><BkTxCd><Domn><Cd>PMNT</Cd><Fmly><Cd>ICDT</Cd><SubFmlyCd>ESCT</SubFmlyCd></Fmly></Domn></BkTxCd><RltdPties><Cdtr><Nm>FRESCO INTERNATIONAL 2005, S.A.</Nm><PstlAdr><Ctry>ES</Ctry><AdrLine>Sicília, 143 08013 Barcelona</AdrLine></PstlAdr></Cdtr><CdtrAcct><Id><IBAN>ES2700810137260001233227</IBAN></Id></CdtrAcct></RltdPties><RltdAgts><CdtrAgt><FinInstnId><BICFI>BSABESBBXXX</BICFI><Nm>BANCO DE SABADELL, S.A.</Nm><PstlAdr><Ctry>ES</Ctry><AdrLine>C/SENA , 12 08174 SANT CUGAT DEL VALLES</AdrLine></PstlAdr></FinInstnId></CdtrAgt></RltdAgts><RmtInf><Ustrd>Invoice 11088</Ustrd><Strd><AddtlRmtInf>Fresco Best. vom 15/09/2022</AddtlRmtInf></Strd></RmtInf></TxDtls></NtryDtls><AddtlNtryInf>GIRO INTERNATIONAL (SEPA) EUR 43.32 ZUM KURS VON 0.9845 BANCO DE SABADELL, S.A. C/SENA , 12 08174 SANT CUGAT DEL VALLES ES2700810137260001233227 FRESCO INTERNATIONAL 2005, S.A. SICÍLIA, 143 08013 BARCELONA SENDER REFERENZ: FRESCO BEST. VOM 15/09/2022 20221013000800785057415</AddtlNtryInf></Ntry><Ntry><NtryRef>CH4330000001414939852</NtryRef><Amt Ccy="CHF">10159.10</Amt><CdtDbtInd>CRDT</CdtDbtInd><RvslInd>false</RvslInd><Sts>BOOK</Sts><BookgDt><Dt>2022-10-13</Dt></BookgDt><ValDt><Dt>2022-10-13</Dt></ValDt><AcctSvcrRef>286220009C30QJBU</AcctSvcrRef><BkTxCd><Domn><Cd>PMNT</Cd><Fmly><Cd>RCDT</Cd><SubFmlyCd>VCOM</SubFmlyCd></Fmly></Domn></BkTxCd><NtryDtls><TxDtls><Refs><AcctSvcrRef>286220009C30QJBU</AcctSvcrRef></Refs><Amt Ccy="CHF">10159.10</Amt><CdtDbtInd>CRDT</CdtDbtInd></TxDtls></NtryDtls><AddtlNtryInf>SAMMELGUTSCHRIFT FÜR KONTO: CH4330000001414939852 VERARBEITUNG VOM 13.10.2022 PAKET ID: 221013CH000006Q1</AddtlNtryInf></Ntry><Ntry><Amt Ccy="CHF">84.80</Amt><CdtDbtInd>CRDT</CdtDbtInd><RvslInd>false</RvslInd><Sts>BOOK</Sts><BookgDt><Dt>2022-10-13</Dt></BookgDt><ValDt><Dt>2022-10-13</Dt></ValDt><AcctSvcrRef>2862400269882350</AcctSvcrRef><BkTxCd><Domn><Cd>PMNT</Cd><Fmly><Cd>MCRD</Cd><SubFmlyCd>POSP</SubFmlyCd></Fmly></Domn></BkTxCd><NtryDtls><TxDtls><Refs><AcctSvcrRef>2862400269882350</AcctSvcrRef></Refs><Amt Ccy="CHF">84.80</Amt><CdtDbtInd>CRDT</CdtDbtInd></TxDtls></NtryDtls><AddtlNtryInf>GUTSCHRIFT E-PAYMENT-TRANSAKTIONEN POSTFINANCE CARD EINLIEFERUNG VOM 12.10.2022 EVERSMART PRODUCTS HANDELS GMBH PFAQ08S00000001 WWW.LOEWENHAAR.CH</AddtlNtryInf></Ntry></Stmt></BkToCstmrStmt></Document>
