<?xml version="1.0" encoding="UTF-8"?>
<Document xmlns="urn:iso:std:iso:20022:tech:xsd:camt.054.001.04" xmlns:xsi="http://www.w3.org/2001/XMLSchema-instance" xsi:schemaLocation="urn:iso:std:iso:20022:tech:xsd:camt.054.001.04 camt.054.001.04.xsd"><BkToCstmrDbtCdtNtfctn><GrpHdr><MsgId>20220928375204936144653</MsgId><CreDtTm>2022-09-28T23:42:44</CreDtTm><MsgPgntn><PgNb>1</PgNb><LastPgInd>true</LastPgInd></MsgPgntn><AddtlInf>SPS/1.7/PROD</AddtlInf></GrpHdr><Ntfctn><Id>20220928375204936144657</Id><CreDtTm>2022-09-28T23:42:44</CreDtTm><FrToDt><FrDtTm>2022-09-28T00:00:00</FrDtTm><ToDtTm>2022-09-28T23:59:59</ToDtTm></FrToDt><RptgSrc><Prtry>OTHR</Prtry></RptgSrc><Acct><Id><IBAN>CH9209000000414939852</IBAN></Id><Ownr><Nm>eversmart products Handels GmbH Pfäffikon SZ</Nm></Ownr></Acct><Ntry><NtryRef>CH9530000002414939852</NtryRef><Amt Ccy="CHF">119.80</Amt><CdtDbtInd>CRDT</CdtDbtInd><RvslInd>false</RvslInd><Sts>BOOK</Sts><BookgDt><Dt>2022-09-28</Dt></BookgDt><ValDt><Dt>2022-09-28</Dt></ValDt><AcctSvcrRef>2712200099NE2DNU</AcctSvcrRef><BkTxCd><Domn><Cd>PMNT</Cd><Fmly><Cd>RCDT</Cd><SubFmlyCd>VCOM</SubFmlyCd></Fmly></Domn></BkTxCd><NtryDtls><Btch><NbOfTxs>1</NbOfTxs></Btch><TxDtls><Refs><AcctSvcrRef>220928CH099FY0MM</AcctSvcrRef><InstrId>16923484734/4XXX</InstrId><EndToEndId>NOTPROVIDED</EndToEndId><Prtry><Tp>00</Tp><Ref>20220928375204606318459</Ref></Prtry></Refs><Amt Ccy="CHF">119.80</Amt><CdtDbtInd>CRDT</CdtDbtInd><BkTxCd><Domn><Cd>PMNT</Cd><Fmly><Cd>RCDT</Cd><SubFmlyCd>ATXN</SubFmlyCd></Fmly></Domn></BkTxCd><RltdPties><Dbtr><Nm>Verena Haeusermann</Nm><PstlAdr><AdrLine>Generationenweg 5</AdrLine><AdrLine>5707 Seengen</AdrLine></PstlAdr></Dbtr><DbtrAcct><Id><IBAN>CH2080808005221676196</IBAN></Id></DbtrAcct><CdtrAcct><Id><IBAN>CH9530000002414939852</IBAN></Id></CdtrAcct></RltdPties><RltdAgts><DbtrAgt><FinInstnId><ClrSysMmbId><MmbId>80736</MmbId></ClrSysMmbId><Nm>Raiffeisenbank Villmergen</Nm><PstlAdr><AdrLine>Dorfplatz 2</AdrLine><AdrLine>5612 Villmergen</AdrLine></PstlAdr></FinInstnId></DbtrAgt></RltdAgts><RmtInf><Strd><CdtrRefInf><Tp><CdOrPrtry><Prtry>QRR</Prtry></CdOrPrtry></Tp><Ref>000000000000000000000005464</Ref></CdtrRefInf><AddtlRmtInf>?REJECT?0</AddtlRmtInf><AddtlRmtInf>?ERROR?000</AddtlRmtInf></Strd></RmtInf><RltdDts><AccptncDtTm>2022-09-28T20:00:00</AccptncDtTm></RltdDts></TxDtls></NtryDtls><AddtlNtryInf>SAMMELGUTSCHRIFT FÜR KONTO: CH9530000002414939852 VERARBEITUNG VOM 28.09.2022 PAKET ID: 220928CH00000GJO</AddtlNtryInf></Ntry></Ntfctn></BkToCstmrDbtCdtNtfctn></Document>
