<?xml version="1.0" encoding="UTF-8"?>
<Document xmlns="urn:iso:std:iso:20022:tech:xsd:camt.053.001.04" xmlns:xsi="http://www.w3.org/2001/XMLSchema-instance" xsi:schemaLocation="urn:iso:std:iso:20022:tech:xsd:camt.053.001.04 camt.053.001.04.xsd"><BkToCstmrStmt><GrpHdr><MsgId>20221103375204968995425</MsgId><CreDtTm>2022-11-04T02:29:01</CreDtTm><MsgPgntn><PgNb>1</PgNb><LastPgInd>true</LastPgInd></MsgPgntn><AddtlInf>SPS/1.7/PROD</AddtlInf></GrpHdr><Stmt><Id>20221103375204968995461</Id><ElctrncSeqNb>216</ElctrncSeqNb><CreDtTm>2022-11-04T02:29:01</CreDtTm><FrToDt><FrDtTm>2022-11-03T00:00:00</FrDtTm><ToDtTm>2022-11-03T23:59:59</ToDtTm></FrToDt><Acct><Id><IBAN>CH1209000000917587047</IBAN></Id><Ownr><Nm>eversmart products Handels GmbH Pfäffikon SZ</Nm></Ownr></Acct><Bal><Tp><CdOrPrtry><Cd>OPBD</Cd></CdOrPrtry></Tp><Amt Ccy="EUR">5669.97</Amt><CdtDbtInd>CRDT</CdtDbtInd><Dt><Dt>2022-11-03</Dt></Dt></Bal><Bal><Tp><CdOrPrtry><Cd>CLBD</Cd></CdOrPrtry></Tp><Amt Ccy="EUR">5169.97</Amt><CdtDbtInd>CRDT</CdtDbtInd><Dt><Dt>2022-11-03</Dt></Dt></Bal><Bal><Tp><CdOrPrtry><Cd>CLAV</Cd></CdOrPrtry></Tp><Amt Ccy="EUR">5169.97</Amt><CdtDbtInd>CRDT</CdtDbtInd><Dt><Dt>2022-11-03</Dt></Dt></Bal><Ntry><Amt Ccy="EUR">500.00</Amt><CdtDbtInd>DBIT</CdtDbtInd><RvslInd>false</RvslInd><Sts>BOOK</Sts><BookgDt><Dt>2022-11-03</Dt></BookgDt><ValDt><Dt>2022-11-03</Dt></ValDt><AcctSvcrRef>3072199690525448</AcctSvcrRef><BkTxCd><Domn><Cd>PMNT</Cd><Fmly><Cd>ICDT</Cd><SubFmlyCd>BOOK</SubFmlyCd></Fmly></Domn></BkTxCd><NtryDtls><TxDtls><Refs><AcctSvcrRef>3072199690525448</AcctSvcrRef></Refs><Amt Ccy="EUR">500.00</Amt><CdtDbtInd>DBIT</CdtDbtInd></TxDtls></NtryDtls><AddtlNtryInf>KONTOÜBERTRAG AUF CH9209000000414939852</AddtlNtryInf></Ntry></Stmt></BkToCstmrStmt></Document>
