<?xml version="1.0" encoding="UTF-8"?>
<Document xmlns="urn:iso:std:iso:20022:tech:xsd:camt.053.001.04" xmlns:xsi="http://www.w3.org/2001/XMLSchema-instance" xsi:schemaLocation="urn:iso:std:iso:20022:tech:xsd:camt.053.001.04 camt.053.001.04.xsd"><BkToCstmrStmt><GrpHdr><MsgId>20220809375204901399477</MsgId><CreDtTm>2022-08-10T01:31:37</CreDtTm><MsgPgntn><PgNb>1</PgNb><LastPgInd>true</LastPgInd></MsgPgntn><AddtlInf>SPS/1.7/PROD</AddtlInf></GrpHdr><Stmt><Id>20220809375204901399514</Id><ElctrncSeqNb>154</ElctrncSeqNb><CreDtTm>2022-08-10T01:31:37</CreDtTm><FrToDt><FrDtTm>2022-08-09T00:00:00</FrDtTm><ToDtTm>2022-08-09T23:59:59</ToDtTm></FrToDt><Acct><Id><IBAN>CH9209000000414939852</IBAN></Id><Ownr><Nm>eversmart products Handels GmbH Pfäffikon SZ</Nm></Ownr></Acct><Bal><Tp><CdOrPrtry><Cd>OPBD</Cd></CdOrPrtry></Tp><Amt Ccy="CHF">96371.41</Amt><CdtDbtInd>CRDT</CdtDbtInd><Dt><Dt>2022-08-09</Dt></Dt></Bal><Bal><Tp><CdOrPrtry><Cd>CLBD</Cd></CdOrPrtry></Tp><Amt Ccy="CHF">51417.15</Amt><CdtDbtInd>CRDT</CdtDbtInd><Dt><Dt>2022-08-09</Dt></Dt></Bal><Bal><Tp><CdOrPrtry><Cd>CLAV</Cd></CdOrPrtry></Tp><Amt Ccy="CHF">51417.15</Amt><CdtDbtInd>CRDT</CdtDbtInd><Dt><Dt>2022-08-09</Dt></Dt></Bal><Ntry><Amt Ccy="CHF">2237.14</Amt><CdtDbtInd>CRDT</CdtDbtInd><RvslInd>false</RvslInd><Sts>BOOK</Sts><BookgDt><Dt>2022-08-09</Dt></BookgDt><ValDt><Dt>2022-08-09</Dt></ValDt><AcctSvcrRef>2212200091NYVS8K</AcctSvcrRef><BkTxCd><Domn><Cd>PMNT</Cd><Fmly><Cd>RCDT</Cd><SubFmlyCd>AUTT</SubFmlyCd></Fmly></Domn></BkTxCd><NtryDtls><Btch><NbOfTxs>1</NbOfTxs></Btch><TxDtls><Refs><MsgId>TWINT20220805-101-Merchant</MsgId><AcctSvcrRef>220806CH091NYVS8</AcctSvcrRef><PmtInfId>TWINT20220805-101-Merchant-B1</PmtInfId><InstrId>daa85b487be14861adb45c8f6043a714</InstrId><EndToEndId>TWINT20220805-101-Merchant-B1</EndToEndId><Prtry><Tp>00</Tp><Ref>220806CH091NYVS8</Ref></Prtry></Refs><Amt Ccy="CHF">2237.14</Amt><CdtDbtInd>CRDT</CdtDbtInd><BkTxCd><Domn><Cd>PMNT</Cd><Fmly><Cd>RCDT</Cd><SubFmlyCd>AUTT</SubFmlyCd></Fmly></Domn></BkTxCd><RltdPties><Dbtr><Nm>TWINT Acquiring AG</Nm><PstlAdr><StrtNm>Stauffacherstrasse</StrtNm><BldgNb>41</BldgNb><PstCd>8004</PstCd><TwnNm>Zürich</TwnNm><Ctry>CH</Ctry></PstlAdr></Dbtr><DbtrAcct><Id><IBAN>CH6609000000313087410</IBAN></Id></DbtrAcct><CdtrAcct><Id><IBAN>CH9209000000414939852</IBAN></Id></CdtrAcct></RltdPties><RltdAgts><DbtrAgt><FinInstnId><BICFI>POFICHBEXXX</BICFI><Nm>POSTFINANCE AG</Nm><PstlAdr><AdrLine>MINGERSTRASSE , 20</AdrLine><AdrLine>3030 BERN</AdrLine></PstlAdr></FinInstnId></DbtrAgt></RltdAgts><RmtInf><Ustrd>999999 TWINT TWINT Auszahlungen Pay</Ustrd><Ustrd>out 20220806                       </Ustrd><Ustrd>   Gross: 2266.61 Fees: -29.47</Ustrd><Strd><AddtlRmtInf>?REJECT?0</AddtlRmtInf><AddtlRmtInf>?ERROR?000</AddtlRmtInf></Strd></RmtInf><RltdDts><AccptncDtTm>2022-08-08T20:00:00</AccptncDtTm></RltdDts></TxDtls></NtryDtls><AddtlNtryInf>GUTSCHRIFT CH6609000000313087410 ABSENDER: TWINT Acquiring AG Stauffacherstrasse 41 8004 Zürich MITTEILUNGEN: 999999 TWINT TWINT Auszahlungen Pay out 20220806                           Gross: 2266.61 Fees: -29.47 REFERENZEN: TWINT20220805-101-Merchant-B1</AddtlNtryInf></Ntry><Ntry><Amt Ccy="CHF">5221.04</Amt><CdtDbtInd>CRDT</CdtDbtInd><RvslInd>false</RvslInd><Sts>BOOK</Sts><BookgDt><Dt>2022-08-09</Dt></BookgDt><ValDt><Dt>2022-08-09</Dt></ValDt><AcctSvcrRef>2212200091RJI50K</AcctSvcrRef><BkTxCd><Domn><Cd>PMNT</Cd><Fmly><Cd>RCDT</Cd><SubFmlyCd>AUTT</SubFmlyCd></Fmly></Domn></BkTxCd><NtryDtls><Btch><NbOfTxs>1</NbOfTxs></Btch><TxDtls><Refs><MsgId>TWINT20220807-101-Merchant</MsgId><AcctSvcrRef>220808CH091RJI50</AcctSvcrRef><PmtInfId>TWINT20220807-101-Merchant-B1</PmtInfId><InstrId>cada9d609e6c4d0fb87bcd250d620e53</InstrId><EndToEndId>TWINT20220807-101-Merchant-B1</EndToEndId><Prtry><Tp>00</Tp><Ref>220808CH091RJI50</Ref></Prtry></Refs><Amt Ccy="CHF">5221.04</Amt><CdtDbtInd>CRDT</CdtDbtInd><BkTxCd><Domn><Cd>PMNT</Cd><Fmly><Cd>RCDT</Cd><SubFmlyCd>AUTT</SubFmlyCd></Fmly></Domn></BkTxCd><RltdPties><Dbtr><Nm>TWINT Acquiring AG</Nm><PstlAdr><StrtNm>Stauffacherstrasse</StrtNm><BldgNb>41</BldgNb><PstCd>8004</PstCd><TwnNm>Zürich</TwnNm><Ctry>CH</Ctry></PstlAdr></Dbtr><DbtrAcct><Id><IBAN>CH6609000000313087410</IBAN></Id></DbtrAcct><CdtrAcct><Id><IBAN>CH9209000000414939852</IBAN></Id></CdtrAcct></RltdPties><RltdAgts><DbtrAgt><FinInstnId><BICFI>POFICHBEXXX</BICFI><Nm>POSTFINANCE AG</Nm><PstlAdr><AdrLine>MINGERSTRASSE , 20</AdrLine><AdrLine>3030 BERN</AdrLine></PstlAdr></FinInstnId></DbtrAgt></RltdAgts><RmtInf><Ustrd>999999 TWINT TWINT Auszahlungen Pay</Ustrd><Ustrd>out 20220808                       </Ustrd><Ustrd>   Gross: 5289.82 Fees: -68.78</Ustrd><Strd><AddtlRmtInf>?REJECT?0</AddtlRmtInf><AddtlRmtInf>?ERROR?000</AddtlRmtInf></Strd></RmtInf><RltdDts><AccptncDtTm>2022-08-09T20:00:00</AccptncDtTm></RltdDts></TxDtls></NtryDtls><AddtlNtryInf>GUTSCHRIFT CH6609000000313087410 ABSENDER: TWINT Acquiring AG Stauffacherstrasse 41 8004 Zürich MITTEILUNGEN: 999999 TWINT TWINT Auszahlungen Pay out 20220808                           Gross: 5289.82 Fees: -68.78 REFERENZEN: TWINT20220807-101-Merchant-B1</AddtlNtryInf></Ntry><Ntry><Amt Ccy="CHF">2127.46</Amt><CdtDbtInd>CRDT</CdtDbtInd><RvslInd>false</RvslInd><Sts>BOOK</Sts><BookgDt><Dt>2022-08-09</Dt></BookgDt><ValDt><Dt>2022-08-09</Dt></ValDt><AcctSvcrRef>2212200091P1JYCK</AcctSvcrRef><BkTxCd><Domn><Cd>PMNT</Cd><Fmly><Cd>RCDT</Cd><SubFmlyCd>AUTT</SubFmlyCd></Fmly></Domn></BkTxCd><NtryDtls><Btch><NbOfTxs>1</NbOfTxs></Btch><TxDtls><Refs><MsgId>TWINT20220806-101-Merchant</MsgId><AcctSvcrRef>220807CH091P1JYC</AcctSvcrRef><PmtInfId>TWINT20220806-101-Merchant-B1</PmtInfId><InstrId>55ea8f56774c49ce8749d9573f4589b2</InstrId><EndToEndId>TWINT20220806-101-Merchant-B1</EndToEndId><Prtry><Tp>00</Tp><Ref>220807CH091P1JYC</Ref></Prtry></Refs><Amt Ccy="CHF">2127.46</Amt><CdtDbtInd>CRDT</CdtDbtInd><BkTxCd><Domn><Cd>PMNT</Cd><Fmly><Cd>RCDT</Cd><SubFmlyCd>AUTT</SubFmlyCd></Fmly></Domn></BkTxCd><RltdPties><Dbtr><Nm>TWINT Acquiring AG</Nm><PstlAdr><StrtNm>Stauffacherstrasse</StrtNm><BldgNb>41</BldgNb><PstCd>8004</PstCd><TwnNm>Zürich</TwnNm><Ctry>CH</Ctry></PstlAdr></Dbtr><DbtrAcct><Id><IBAN>CH6609000000313087410</IBAN></Id></DbtrAcct><CdtrAcct><Id><IBAN>CH9209000000414939852</IBAN></Id></CdtrAcct></RltdPties><RltdAgts><DbtrAgt><FinInstnId><BICFI>POFICHBEXXX</BICFI><Nm>POSTFINANCE AG</Nm><PstlAdr><AdrLine>MINGERSTRASSE , 20</AdrLine><AdrLine>3030 BERN</AdrLine></PstlAdr></FinInstnId></DbtrAgt></RltdAgts><RmtInf><Ustrd>999999 TWINT TWINT Auszahlungen Pay</Ustrd><Ustrd>out 20220807                       </Ustrd><Ustrd>   Gross: 2155.50 Fees: -28.04</Ustrd><Strd><AddtlRmtInf>?REJECT?0</AddtlRmtInf><AddtlRmtInf>?ERROR?000</AddtlRmtInf></Strd></RmtInf><RltdDts><AccptncDtTm>2022-08-08T20:00:00</AccptncDtTm></RltdDts></TxDtls></NtryDtls><AddtlNtryInf>GUTSCHRIFT CH6609000000313087410 ABSENDER: TWINT Acquiring AG Stauffacherstrasse 41 8004 Zürich MITTEILUNGEN: 999999 TWINT TWINT Auszahlungen Pay out 20220807                           Gross: 2155.50 Fees: -28.04 REFERENZEN: TWINT20220806-101-Merchant-B1</AddtlNtryInf></Ntry><Ntry><Amt Ccy="CHF">26475.86</Amt><CdtDbtInd>DBIT</CdtDbtInd><RvslInd>false</RvslInd><Sts>BOOK</Sts><BookgDt><Dt>2022-08-09</Dt></BookgDt><ValDt><Dt>2022-08-09</Dt></ValDt><AcctSvcrRef>2212200091X1X97K</AcctSvcrRef><BkTxCd><Domn><Cd>PMNT</Cd><Fmly><Cd>ICDT</Cd><SubFmlyCd>ESCT</SubFmlyCd></Fmly></Domn></BkTxCd><NtryDtls><TxDtls><Refs><AcctSvcrRef>25-638684349-1</AcctSvcrRef><PmtInfId>25:638684349</PmtInfId><InstrId>20220809000800664298901</InstrId></Refs><Amt Ccy="CHF">26475.86</Amt><CdtDbtInd>DBIT</CdtDbtInd><AmtDtls><InstdAmt><Amt Ccy="EUR">26800.14</Amt><CcyXchg><SrcCcy>EUR</SrcCcy><XchgRate>0.9879</XchgRate></CcyXchg></InstdAmt></AmtDtls><BkTxCd><Domn><Cd>PMNT</Cd><Fmly><Cd>ICDT</Cd><SubFmlyCd>ESCT</SubFmlyCd></Fmly></Domn></BkTxCd><RltdPties><Cdtr><Nm>Shengzhou Shenghua Machinery Techno</Nm><PstlAdr><Ctry>LU</Ctry><AdrLine>9, rue du Laboratoire logy Co., Ltd.</AdrLine><AdrLine>L-1911 Luxembourg</AdrLine></PstlAdr></Cdtr><CdtrAcct><Id><IBAN>LU750670005068619486</IBAN></Id></CdtrAcct></RltdPties><RltdAgts><CdtrAgt><FinInstnId><BICFI>CHASLULXXXX</BICFI><Nm>J.P. MORGAN SE - LUXEMBOURG BRANCH</Nm><PstlAdr><Ctry>LU</Ctry><AdrLine>6 ROUTE DE TREVES L-2663 SENNINGERBERG</AdrLine></PstlAdr></FinInstnId></CdtrAgt></RltdAgts><RmtInf><Ustrd>148662819001022575</Ustrd><Strd><AddtlRmtInf>HW Mein-Stehtisch 1. Zhlg Desks</AddtlRmtInf></Strd></RmtInf></TxDtls></NtryDtls><AddtlNtryInf>GIRO INTERNATIONAL (SEPA) EUR 26'800.14 ZUM KURS VON 0.9879 J.P. MORGAN SE - LUXEMBOURG BRANCH 6 ROUTE DE TREVES L-2663 SENNINGERBERG LU750670005068619486 Shengzhou Shenghua Machinery Techno 9, rue du Laboratoire logy Co., Ltd. L-1911 Luxembourg SENDER REFERENZ: HW Mein-Stehtisch 1. Zhlg Desks 20220809000800664298901</AddtlNtryInf></Ntry><Ntry><Amt Ccy="CHF">23964.38</Amt><CdtDbtInd>DBIT</CdtDbtInd><RvslInd>false</RvslInd><Sts>BOOK</Sts><BookgDt><Dt>2022-08-09</Dt></BookgDt><ValDt><Dt>2022-08-09</Dt></ValDt><AcctSvcrRef>221220009204R3ZK</AcctSvcrRef><BkTxCd><Domn><Cd>PMNT</Cd><Fmly><Cd>ICDT</Cd><SubFmlyCd>ESCT</SubFmlyCd></Fmly></Domn></BkTxCd><NtryDtls><TxDtls><Refs><AcctSvcrRef>25-638683006-1</AcctSvcrRef><PmtInfId>25:638683006</PmtInfId><InstrId>20220809000800664259962</InstrId></Refs><Amt Ccy="CHF">23964.38</Amt><CdtDbtInd>DBIT</CdtDbtInd><AmtDtls><InstdAmt><Amt Ccy="EUR">24257.90</Amt><CcyXchg><SrcCcy>EUR</SrcCcy><XchgRate>0.9879</XchgRate></CcyXchg></InstdAmt></AmtDtls><BkTxCd><Domn><Cd>PMNT</Cd><Fmly><Cd>ICDT</Cd><SubFmlyCd>ESCT</SubFmlyCd></Fmly></Domn></BkTxCd><RltdPties><Cdtr><Nm>Shengzhou Shenghua Machinery Techno</Nm><PstlAdr><Ctry>LU</Ctry><AdrLine>9, rue du Laboratoire logy Co., Ltd.</AdrLine><AdrLine>L-1911 Luxembourg</AdrLine></PstlAdr></Cdtr><CdtrAcct><Id><IBAN>LU750670005068619486</IBAN></Id></CdtrAcct></RltdPties><RltdAgts><CdtrAgt><FinInstnId><BICFI>CHASLULXXXX</BICFI><Nm>J.P. MORGAN SE - LUXEMBOURG BRANCH</Nm><PstlAdr><Ctry>LU</Ctry><AdrLine>6 ROUTE DE TREVES L-2663 SENNINGERBERG</AdrLine></PstlAdr></FinInstnId></CdtrAgt></RltdAgts><RmtInf><Ustrd>146354714501022575</Ustrd><Strd><AddtlRmtInf>HW Mein-Stehtisch 1. Zhlg (neue T).</AddtlRmtInf></Strd></RmtInf></TxDtls></NtryDtls><AddtlNtryInf>GIRO INTERNATIONAL (SEPA) EUR 24'257.90 ZUM KURS VON 0.9879 J.P. MORGAN SE - LUXEMBOURG BRANCH 6 ROUTE DE TREVES L-2663 SENNINGERBERG LU750670005068619486 Shengzhou Shenghua Machinery Techno 9, rue du Laboratoire logy Co., Ltd. L-1911 Luxembourg SENDER REFERENZ: HW Mein-Stehtisch 1. Zhlg (neue T). 20220809000800664259962</AddtlNtryInf></Ntry><Ntry><Amt Ccy="CHF">8271.26</Amt><CdtDbtInd>DBIT</CdtDbtInd><RvslInd>false</RvslInd><Sts>BOOK</Sts><BookgDt><Dt>2022-08-09</Dt></BookgDt><ValDt><Dt>2022-08-09</Dt></ValDt><AcctSvcrRef>2212200091Y73IKK</AcctSvcrRef><BkTxCd><Domn><Cd>PMNT</Cd><Fmly><Cd>ICDT</Cd><SubFmlyCd>ESCT</SubFmlyCd></Fmly></Domn></BkTxCd><NtryDtls><TxDtls><Refs><AcctSvcrRef>25-638694663-1</AcctSvcrRef><PmtInfId>25:638694663</PmtInfId><InstrId>20220809000800664622199</InstrId></Refs><Amt Ccy="CHF">8271.26</Amt><CdtDbtInd>DBIT</CdtDbtInd><AmtDtls><InstdAmt><Amt Ccy="EUR">8372.57</Amt><CcyXchg><SrcCcy>EUR</SrcCcy><XchgRate>0.9879</XchgRate></CcyXchg></InstdAmt></AmtDtls><BkTxCd><Domn><Cd>PMNT</Cd><Fmly><Cd>ICDT</Cd><SubFmlyCd>ESCT</SubFmlyCd></Fmly></Domn></BkTxCd><RltdPties><Cdtr><Nm>Dongguan LED Electronics Co., Ltd.</Nm><PstlAdr><Ctry>LU</Ctry><AdrLine>9, rue du Laboratoire 1911 Luxembourg</AdrLine></PstlAdr></Cdtr><CdtrAcct><Id><IBAN>LU510670005068736900</IBAN></Id></CdtrAcct></RltdPties><RltdAgts><CdtrAgt><FinInstnId><BICFI>CHASLULXXXX</BICFI><Nm>J.P. MORGAN SE - LUXEMBOURG BRANCH</Nm><PstlAdr><Ctry>LU</Ctry><AdrLine>6 ROUTE DE TREVES L-2663 SENNINGERBERG</AdrLine></PstlAdr></FinInstnId></CdtrAgt></RltdAgts><RmtInf><Ustrd>148741363001022575</Ustrd><Strd><AddtlRmtInf>HW Happysmell Alibaba</AddtlRmtInf></Strd></RmtInf></TxDtls></NtryDtls><AddtlNtryInf>GIRO INTERNATIONAL (SEPA) EUR 8'372.57 ZUM KURS VON 0.9879 J.P. MORGAN SE - LUXEMBOURG BRANCH 6 ROUTE DE TREVES L-2663 SENNINGERBERG LU510670005068736900 Dongguan LED Electronics Co., Ltd. 9, rue du Laboratoire 1911 Luxembourg SENDER REFERENZ: HW Happysmell Alibaba 20220809000800664622199</AddtlNtryInf></Ntry><Ntry><NtryRef>CH4330000001414939852</NtryRef><Amt Ccy="CHF">4012.70</Amt><CdtDbtInd>CRDT</CdtDbtInd><RvslInd>false</RvslInd><Sts>BOOK</Sts><BookgDt><Dt>2022-08-09</Dt></BookgDt><ValDt><Dt>2022-08-09</Dt></ValDt><AcctSvcrRef>22122000922T9TGU</AcctSvcrRef><BkTxCd><Domn><Cd>PMNT</Cd><Fmly><Cd>RCDT</Cd><SubFmlyCd>VCOM</SubFmlyCd></Fmly></Domn></BkTxCd><Chrgs><TtlChrgsAndTaxAmt Ccy="CHF">3.55</TtlChrgsAndTaxAmt><Rcrd><Amt Ccy="CHF">3.55</Amt><CdtDbtInd>DBIT</CdtDbtInd><ChrgInclInd>false</ChrgInclInd><Tp><Prtry><Id>2</Id></Prtry></Tp></Rcrd></Chrgs><NtryDtls><TxDtls><Refs><AcctSvcrRef>22122000922T9TGU</AcctSvcrRef></Refs><Amt Ccy="CHF">4012.70</Amt><CdtDbtInd>CRDT</CdtDbtInd></TxDtls></NtryDtls><AddtlNtryInf>SAMMELGUTSCHRIFT FÜR KONTO: CH4330000001414939852 VERARBEITUNG VOM 09.08.2022 PAKET ID: 220809CH000006P0</AddtlNtryInf></Ntry><Ntry><Amt Ccy="CHF">158.90</Amt><CdtDbtInd>CRDT</CdtDbtInd><RvslInd>false</RvslInd><Sts>BOOK</Sts><BookgDt><Dt>2022-08-09</Dt></BookgDt><ValDt><Dt>2022-08-09</Dt></ValDt><AcctSvcrRef>2212400164913797</AcctSvcrRef><BkTxCd><Domn><Cd>PMNT</Cd><Fmly><Cd>MCRD</Cd><SubFmlyCd>POSP</SubFmlyCd></Fmly></Domn></BkTxCd><NtryDtls><TxDtls><Refs><AcctSvcrRef>2212400164913797</AcctSvcrRef></Refs><Amt Ccy="CHF">158.90</Amt><CdtDbtInd>CRDT</CdtDbtInd></TxDtls></NtryDtls><AddtlNtryInf>GUTSCHRIFT E-PAYMENT-TRANSAKTIONEN POSTFINANCE CARD EINLIEFERUNG VOM 08.08.2022 Eversmart  c/o Fulfillment.swiss PFAQ0A020000001 https://massage-pistole-shop.c</AddtlNtryInf></Ntry></Stmt></BkToCstmrStmt></Document>
