<?xml version="1.0" encoding="UTF-8"?>
<Document xmlns="urn:iso:std:iso:20022:tech:xsd:camt.053.001.04" xmlns:xsi="http://www.w3.org/2001/XMLSchema-instance" xsi:schemaLocation="urn:iso:std:iso:20022:tech:xsd:camt.053.001.04 camt.053.001.04.xsd"><BkToCstmrStmt><GrpHdr><MsgId>20220831375204916396538</MsgId><CreDtTm>2022-09-01T01:56:15</CreDtTm><MsgPgntn><PgNb>1</PgNb><LastPgInd>true</LastPgInd></MsgPgntn><AddtlInf>SPS/1.7/PROD</AddtlInf></GrpHdr><Stmt><Id>20220831375204916396716</Id><ElctrncSeqNb>170</ElctrncSeqNb><CreDtTm>2022-09-01T01:56:15</CreDtTm><FrToDt><FrDtTm>2022-08-31T00:00:00</FrDtTm><ToDtTm>2022-08-31T23:59:59</ToDtTm></FrToDt><Acct><Id><IBAN>CH9209000000414939852</IBAN></Id><Ownr><Nm>eversmart products Handels GmbH Pfäffikon SZ</Nm></Ownr></Acct><Bal><Tp><CdOrPrtry><Cd>OPBD</Cd></CdOrPrtry></Tp><Amt Ccy="CHF">77564.05</Amt><CdtDbtInd>CRDT</CdtDbtInd><Dt><Dt>2022-08-31</Dt></Dt></Bal><Bal><Tp><CdOrPrtry><Cd>CLBD</Cd></CdOrPrtry></Tp><Amt Ccy="CHF">74527.38</Amt><CdtDbtInd>CRDT</CdtDbtInd><Dt><Dt>2022-08-31</Dt></Dt></Bal><Bal><Tp><CdOrPrtry><Cd>CLAV</Cd></CdOrPrtry></Tp><Amt Ccy="CHF">74527.38</Amt><CdtDbtInd>CRDT</CdtDbtInd><Dt><Dt>2022-08-31</Dt></Dt></Bal><Ntry><Amt Ccy="CHF">10.00</Amt><CdtDbtInd>DBIT</CdtDbtInd><RvslInd>false</RvslInd><Sts>BOOK</Sts><BookgDt><Dt>2022-08-31</Dt></BookgDt><ValDt><Dt>2022-08-31</Dt></ValDt><AcctSvcrRef>2432100175594955</AcctSvcrRef><BkTxCd><Domn><Cd>ACMT</Cd><Fmly><Cd>ADOP</Cd><SubFmlyCd>CHRG</SubFmlyCd></Fmly></Domn></BkTxCd><NtryDtls><TxDtls><Refs><AcctSvcrRef>2432100175594955</AcctSvcrRef></Refs><Amt Ccy="CHF">10.00</Amt><CdtDbtInd>DBIT</CdtDbtInd></TxDtls></NtryDtls><AddtlNtryInf>PREIS FÜR DIE KONTOFÜHRUNG</AddtlNtryInf></Ntry><Ntry><Amt Ccy="CHF">2.00</Amt><CdtDbtInd>DBIT</CdtDbtInd><RvslInd>false</RvslInd><Sts>BOOK</Sts><BookgDt><Dt>2022-08-31</Dt></BookgDt><ValDt><Dt>2022-08-31</Dt></ValDt><AcctSvcrRef>2432100176961732</AcctSvcrRef><BkTxCd><Domn><Cd>PMNT</Cd><Fmly><Cd>MDOP</Cd><SubFmlyCd>CHRG</SubFmlyCd></Fmly></Domn></BkTxCd><NtryDtls><TxDtls><Refs><AcctSvcrRef>2432100176961732</AcctSvcrRef></Refs><Amt Ccy="CHF">2.00</Amt><CdtDbtInd>DBIT</CdtDbtInd></TxDtls></NtryDtls><AddtlNtryInf>PREIS FÜR GIRO INTERNATIONAL ANZAHL TRANSAKTIONEN: 1 URSPRUNGS-KONTONUMMER: CH9209000000414939852</AddtlNtryInf></Ntry><Ntry><Amt Ccy="CHF">5.00</Amt><CdtDbtInd>DBIT</CdtDbtInd><RvslInd>false</RvslInd><Sts>BOOK</Sts><BookgDt><Dt>2022-08-31</Dt></BookgDt><ValDt><Dt>2022-08-31</Dt></ValDt><AcctSvcrRef>2432100176965473</AcctSvcrRef><BkTxCd><Domn><Cd>ACMT</Cd><Fmly><Cd>ADOP</Cd><SubFmlyCd>CHRG</SubFmlyCd></Fmly></Domn></BkTxCd><NtryDtls><TxDtls><Refs><AcctSvcrRef>2432100176965473</AcctSvcrRef></Refs><Amt Ccy="CHF">5.00</Amt><CdtDbtInd>DBIT</CdtDbtInd></TxDtls></NtryDtls><AddtlNtryInf>PREIS FÜR EXPRESS-DIENSTLEISTUNGEN URSPRUNGS-KONTONUMMER: CH9209000000414939852</AddtlNtryInf></Ntry><Ntry><Amt Ccy="CHF">2.40</Amt><CdtDbtInd>DBIT</CdtDbtInd><RvslInd>false</RvslInd><Sts>BOOK</Sts><BookgDt><Dt>2022-08-31</Dt></BookgDt><ValDt><Dt>2022-08-31</Dt></ValDt><AcctSvcrRef>2432100177088740</AcctSvcrRef><BkTxCd><Domn><Cd>PMNT</Cd><Fmly><Cd>RCDT</Cd><SubFmlyCd>CHRG</SubFmlyCd></Fmly></Domn></BkTxCd><NtryDtls><TxDtls><Refs><AcctSvcrRef>2432100177088740</AcctSvcrRef></Refs><Amt Ccy="CHF">2.40</Amt><CdtDbtInd>DBIT</CdtDbtInd></TxDtls></NtryDtls><AddtlNtryInf>PREIS FÜR EINZAHLUNGEN AM SCHALTER ES URSPRUNGS-KONTONUMMER: CH9209000000414939852</AddtlNtryInf></Ntry><Ntry><Amt Ccy="CHF">4.00</Amt><CdtDbtInd>DBIT</CdtDbtInd><RvslInd>false</RvslInd><Sts>BOOK</Sts><BookgDt><Dt>2022-08-31</Dt></BookgDt><ValDt><Dt>2022-08-31</Dt></ValDt><AcctSvcrRef>2432100177088844</AcctSvcrRef><BkTxCd><Domn><Cd>PMNT</Cd><Fmly><Cd>MDOP</Cd><SubFmlyCd>CHRG</SubFmlyCd></Fmly></Domn></BkTxCd><NtryDtls><TxDtls><Refs><AcctSvcrRef>2432100177088844</AcctSvcrRef></Refs><Amt Ccy="CHF">4.00</Amt><CdtDbtInd>DBIT</CdtDbtInd></TxDtls></NtryDtls><AddtlNtryInf>PREIS FÜR EINZAHLUNGEN AM SCHALTER QR-RECHNUNG KONTO: CH9530000002414939852</AddtlNtryInf></Ntry><Ntry><Amt Ccy="CHF">87.65</Amt><CdtDbtInd>DBIT</CdtDbtInd><RvslInd>false</RvslInd><Sts>BOOK</Sts><BookgDt><Dt>2022-08-31</Dt></BookgDt><ValDt><Dt>2022-08-31</Dt></ValDt><AcctSvcrRef>2432100177088944</AcctSvcrRef><BkTxCd><Domn><Cd>PMNT</Cd><Fmly><Cd>MDOP</Cd><SubFmlyCd>CHRG</SubFmlyCd></Fmly></Domn></BkTxCd><NtryDtls><TxDtls><Refs><AcctSvcrRef>2432100177088944</AcctSvcrRef></Refs><Amt Ccy="CHF">87.65</Amt><CdtDbtInd>DBIT</CdtDbtInd></TxDtls></NtryDtls><AddtlNtryInf>PREIS FÜR EINZAHLUNGEN AM SCHALTER QR-RECHNUNG KONTO: CH4330000001414939852</AddtlNtryInf></Ntry><Ntry><Amt Ccy="CHF">771.11</Amt><CdtDbtInd>DBIT</CdtDbtInd><RvslInd>false</RvslInd><Sts>BOOK</Sts><BookgDt><Dt>2022-08-31</Dt></BookgDt><ValDt><Dt>2022-08-31</Dt></ValDt><AcctSvcrRef>2432200094W76Q3K</AcctSvcrRef><BkTxCd><Domn><Cd>PMNT</Cd><Fmly><Cd>ICDT</Cd><SubFmlyCd>ESCT</SubFmlyCd></Fmly></Domn></BkTxCd><NtryDtls><TxDtls><Refs><AcctSvcrRef>25-650605735-1</AcctSvcrRef><PmtInfId>25:650605735</PmtInfId><InstrId>20220830000800999729299</InstrId></Refs><Amt Ccy="CHF">771.11</Amt><CdtDbtInd>DBIT</CdtDbtInd><AmtDtls><InstdAmt><Amt Ccy="EUR">780.00</Amt><CcyXchg><SrcCcy>EUR</SrcCcy><XchgRate>0.9886</XchgRate></CcyXchg></InstdAmt></AmtDtls><BkTxCd><Domn><Cd>PMNT</Cd><Fmly><Cd>ICDT</Cd><SubFmlyCd>ESCT</SubFmlyCd></Fmly></Domn></BkTxCd><RltdPties><Cdtr><Nm>hPage Ltd</Nm><PstlAdr><StrtNm>Phoenix Business Centre, The Penthouse, Old Railway Track</StrtNm><PstCd>SVR9022</PstCd><TwnNm>Santa Venera</TwnNm><Ctry>LT</Ctry></PstlAdr></Cdtr><CdtrAcct><Id><IBAN>LT223250010998305097</IBAN></Id></CdtrAcct></RltdPties><RltdAgts><CdtrAgt><FinInstnId><BICFI>REVOLT21XXX</BICFI><Nm>REVOLUT BANK UAB</Nm><PstlAdr><Ctry>LT</Ctry><AdrLine>KONSTITUCIJOS AVE. 21B LT-08104 VILNIUS</AdrLine></PstlAdr></FinInstnId></CdtrAgt></RltdAgts><RmtInf><Ustrd>101258069-1</Ustrd><Strd><AddtlRmtInf>Autosuggest Mein-stehtisch.ch</AddtlRmtInf></Strd></RmtInf></TxDtls></NtryDtls><AddtlNtryInf>GIRO INTERNATIONAL (SEPA) EUR 780.00 ZUM KURS VON 0.9886 REVOLUT BANK UAB KONSTITUCIJOS AVE. 21B LT-08104 VILNIUS LT223250010998305097 HPAGE LTD PHOENIX BUSINESS CENTRE, THE PENTHO SVR9022 SANTA VENERA SENDER REFERENZ: AUTOSUGGEST MEIN-STEHTISCH.CH 20220830000800999729299</AddtlNtryInf></Ntry><Ntry><Amt Ccy="CHF">45.50</Amt><CdtDbtInd>DBIT</CdtDbtInd><RvslInd>false</RvslInd><Sts>BOOK</Sts><BookgDt><Dt>2022-08-31</Dt></BookgDt><ValDt><Dt>2022-08-31</Dt></ValDt><AcctSvcrRef>2432200094WHL1IK</AcctSvcrRef><BkTxCd><Domn><Cd>PMNT</Cd><Fmly><Cd>ICDT</Cd><SubFmlyCd>BOOK</SubFmlyCd></Fmly></Domn></BkTxCd><NtryDtls><TxDtls><Refs><AcctSvcrRef>25-650704429-1</AcctSvcrRef><PmtInfId>25:650704429</PmtInfId><InstrId>20220830000800002582145</InstrId></Refs><Amt Ccy="CHF">45.50</Amt><CdtDbtInd>DBIT</CdtDbtInd><BkTxCd><Domn><Cd>PMNT</Cd><Fmly><Cd>ICDT</Cd><SubFmlyCd>BOOK</SubFmlyCd></Fmly></Domn></BkTxCd><RltdPties><Cdtr><Nm>Konsumenteninfo AG</Nm><PstlAdr><Ctry>CH</Ctry><AdrLine>Zürich</AdrLine></PstlAdr></Cdtr><CdtrAcct><Id><IBAN>CH9730000007800207059</IBAN></Id></CdtrAcct></RltdPties><RltdAgts><CdtrAgt><FinInstnId><BICFI>POFICHBEXXX</BICFI><PstlAdr><Ctry>CH</Ctry></PstlAdr></FinInstnId></CdtrAgt></RltdAgts><RmtInf><Strd><CdtrRefInf><Tp><CdOrPrtry><Prtry>QRR</Prtry></CdOrPrtry></Tp><Ref>010000000006798370081133969</Ref></CdtrRefInf><AddtlRmtInf>KTIPP 10/22 - 09/23</AddtlRmtInf></Strd></RmtInf></TxDtls></NtryDtls><AddtlNtryInf>LASTSCHRIFT CH9730000007800207059 KONSUMENTENINFO AG ZÜRICH SENDER REFERENZ: KTIPP 10/22 - 09/23 20220830000800002582145</AddtlNtryInf></Ntry><Ntry><NtryRef>CH9209000000414939852</NtryRef><Amt Ccy="CHF">799.00</Amt><CdtDbtInd>CRDT</CdtDbtInd><RvslInd>false</RvslInd><Sts>BOOK</Sts><BookgDt><Dt>2022-08-31</Dt></BookgDt><ValDt><Dt>2022-08-31</Dt></ValDt><AcctSvcrRef>24322010957MQGEK</AcctSvcrRef><BkTxCd><Domn><Cd>PMNT</Cd><Fmly><Cd>RCDT</Cd><SubFmlyCd>ATXN</SubFmlyCd></Fmly></Domn></BkTxCd><NtryDtls><Btch><NbOfTxs>1</NbOfTxs></Btch><TxDtls><Refs><AcctSvcrRef>220831CH0957MQGE</AcctSvcrRef><InstrId>16854809257/6XXX</InstrId><EndToEndId>NOTPROVIDED</EndToEndId><Prtry><Tp>00</Tp><Ref>220831CH0957MQGE</Ref></Prtry></Refs><Amt Ccy="CHF">799.00</Amt><CdtDbtInd>CRDT</CdtDbtInd><BkTxCd><Domn><Cd>PMNT</Cd><Fmly><Cd>RCDT</Cd><SubFmlyCd>ATXN</SubFmlyCd></Fmly></Domn></BkTxCd><RltdPties><Dbtr><Nm>Paul Looser</Nm><PstlAdr><AdrLine>Via Plattella 13</AdrLine><AdrLine>7014 Trin</AdrLine></PstlAdr></Dbtr><DbtrAcct><Id><IBAN>CH8380808008638400443</IBAN></Id></DbtrAcct><CdtrAcct><Id><IBAN>CH9209000000414939852</IBAN></Id></CdtrAcct></RltdPties><RltdAgts><DbtrAgt><FinInstnId><ClrSysMmbId><MmbId>81073</MmbId></ClrSysMmbId><Nm>Raiffeisenbank Surselva</Nm><PstlAdr><AdrLine>Glennerstrasse 7</AdrLine><AdrLine>7130 Ilanz</AdrLine></PstlAdr></FinInstnId></DbtrAgt></RltdAgts><RmtInf><Ustrd>RG 91630 (Stehtisch Lieferung an Vi</Ustrd><Ustrd> a Plattella 13, 7014 Trin). CHF 79</Ustrd><Ustrd>9 .-- (MWST 7.7  57.12)</Ustrd><Strd><AddtlRmtInf>?REJECT?0</AddtlRmtInf><AddtlRmtInf>?ERROR?000</AddtlRmtInf></Strd></RmtInf><RltdDts><AccptncDtTm>2022-08-31T20:00:00</AccptncDtTm></RltdDts></TxDtls></NtryDtls><AddtlNtryInf>GUTSCHRIFT AUFTRAGGEBER: PAUL LOOSER VIA PLATTELLA 13 7014 TRIN MITTEILUNGEN: RG 91630 (STEHTISCH LIEFERUNG AN VI  A PLATTELLA 13, 7014 TRIN). CHF 79 9 .-- (MWST 7.7  57.12) REFERENZEN: NOTPROVIDED 16854809257/6XXX 220831CH0957MQGE</AddtlNtryInf></Ntry><Ntry><NtryRef>CH9209000000414939852</NtryRef><Amt Ccy="CHF">952.00</Amt><CdtDbtInd>CRDT</CdtDbtInd><RvslInd>false</RvslInd><Sts>BOOK</Sts><BookgDt><Dt>2022-08-31</Dt></BookgDt><ValDt><Dt>2022-08-31</Dt></ValDt><AcctSvcrRef>24322010957YGWYK</AcctSvcrRef><BkTxCd><Domn><Cd>PMNT</Cd><Fmly><Cd>RCDT</Cd><SubFmlyCd>ATXN</SubFmlyCd></Fmly></Domn></BkTxCd><NtryDtls><Btch><NbOfTxs>1</NbOfTxs></Btch><TxDtls><Refs><AcctSvcrRef>220831CH0957YGWY</AcctSvcrRef><InstrId>1264053949/1XXXX</InstrId><EndToEndId>NOTPROVIDED</EndToEndId><Prtry><Tp>00</Tp><Ref>220831CH0957YGWY</Ref></Prtry></Refs><Amt Ccy="CHF">952.00</Amt><CdtDbtInd>CRDT</CdtDbtInd><BkTxCd><Domn><Cd>PMNT</Cd><Fmly><Cd>RCDT</Cd><SubFmlyCd>ATXN</SubFmlyCd></Fmly></Domn></BkTxCd><RltdPties><Dbtr><Nm>Heike Maria Ausserbrunner</Nm><PstlAdr><AdrLine>Toniwisweg 23</AdrLine><AdrLine>CH-9443 Widnau</AdrLine></PstlAdr></Dbtr><DbtrAcct><Id><IBAN>CH7600781235503069803</IBAN></Id></DbtrAcct><CdtrAcct><Id><IBAN>CH9209000000414939852</IBAN></Id></CdtrAcct></RltdPties><RltdAgts><DbtrAgt><FinInstnId><ClrSysMmbId><MmbId>781</MmbId></ClrSysMmbId><Nm>St. Galler Kantonalbank AG</Nm><PstlAdr><AdrLine>9001 St. Gallen</AdrLine></PstlAdr></FinInstnId></DbtrAgt></RltdAgts><RmtInf><Ustrd>BESTELLUNG: MEIN-STEHTISCH.CH 9671 </Ustrd><Strd><AddtlRmtInf>?REJECT?0</AddtlRmtInf><AddtlRmtInf>?ERROR?000</AddtlRmtInf></Strd></RmtInf><RltdDts><AccptncDtTm>2022-08-31T20:00:00</AccptncDtTm></RltdDts></TxDtls></NtryDtls><AddtlNtryInf>GUTSCHRIFT AUFTRAGGEBER: HEIKE MARIA AUSSERBRUNNER TONIWISWEG 23 CH-9443 WIDNAU MITTEILUNGEN: BESTELLUNG: MEIN-STEHTISCH.CH 9671  REFERENZEN: NOTPROVIDED 1264053949/1XXXX 220831CH0957YGWY</AddtlNtryInf></Ntry><Ntry><NtryRef>CH9209000000414939852</NtryRef><Amt Ccy="CHF">2072.97</Amt><CdtDbtInd>CRDT</CdtDbtInd><RvslInd>false</RvslInd><Sts>BOOK</Sts><BookgDt><Dt>2022-08-31</Dt></BookgDt><ValDt><Dt>2022-08-31</Dt></ValDt><AcctSvcrRef>2432200094YNX75K</AcctSvcrRef><BkTxCd><Domn><Cd>PMNT</Cd><Fmly><Cd>RCDT</Cd><SubFmlyCd>AUTT</SubFmlyCd></Fmly></Domn></BkTxCd><NtryDtls><Btch><NbOfTxs>1</NbOfTxs></Btch><TxDtls><Refs><MsgId>TWINT20220829-101-Merchant</MsgId><AcctSvcrRef>220830CH094YNX75</AcctSvcrRef><PmtInfId>TWINT20220829-101-Merchant-B1</PmtInfId><InstrId>61701354d391416ca176508b7b8721e8</InstrId><EndToEndId>TWINT20220829-101-Merchant-B1</EndToEndId><Prtry><Tp>00</Tp><Ref>220830CH094YNX75</Ref></Prtry></Refs><Amt Ccy="CHF">2072.97</Amt><CdtDbtInd>CRDT</CdtDbtInd><BkTxCd><Domn><Cd>PMNT</Cd><Fmly><Cd>RCDT</Cd><SubFmlyCd>AUTT</SubFmlyCd></Fmly></Domn></BkTxCd><RltdPties><Dbtr><Nm>TWINT Acquiring AG</Nm><PstlAdr><StrtNm>Stauffacherstrasse</StrtNm><BldgNb>41</BldgNb><PstCd>8004</PstCd><TwnNm>Zürich</TwnNm><Ctry>CH</Ctry></PstlAdr></Dbtr><DbtrAcct><Id><IBAN>CH6609000000313087410</IBAN></Id></DbtrAcct><CdtrAcct><Id><IBAN>CH9209000000414939852</IBAN></Id></CdtrAcct></RltdPties><RltdAgts><DbtrAgt><FinInstnId><BICFI>POFICHBEXXX</BICFI><Nm>POSTFINANCE AG</Nm><PstlAdr><AdrLine>MINGERSTRASSE , 20</AdrLine><AdrLine>3030 BERN</AdrLine></PstlAdr></FinInstnId></DbtrAgt></RltdAgts><RmtInf><Ustrd>999999 TWINT TWINT Auszahlungen Pay</Ustrd><Ustrd>out 20220830                       </Ustrd><Ustrd>   Gross: 2100.30 Fees: -27.33</Ustrd><Strd><AddtlRmtInf>?REJECT?0</AddtlRmtInf><AddtlRmtInf>?ERROR?000</AddtlRmtInf></Strd></RmtInf><RltdDts><AccptncDtTm>2022-08-31T20:00:00</AccptncDtTm></RltdDts></TxDtls></NtryDtls><AddtlNtryInf>GUTSCHRIFT CH6609000000313087410 ABSENDER: TWINT ACQUIRING AG STAUFFACHERSTRASSE 41 8004 ZÜRICH MITTEILUNGEN: 999999 TWINT TWINT AUSZAHLUNGEN PAY OUT 20220830                           GROSS: 2100.30 FEES: -27.33 REFERENZEN: TWINT20220829-101-MERCHANT-B1</AddtlNtryInf></Ntry><Ntry><NtryRef>CH9209000000414939852</NtryRef><Amt Ccy="CHF">2111.62</Amt><CdtDbtInd>CRDT</CdtDbtInd><RvslInd>false</RvslInd><Sts>BOOK</Sts><BookgDt><Dt>2022-08-31</Dt></BookgDt><ValDt><Dt>2022-08-31</Dt></ValDt><AcctSvcrRef>2432201095A01QFK</AcctSvcrRef><BkTxCd><Domn><Cd>PMNT</Cd><Fmly><Cd>RCDT</Cd><SubFmlyCd>ATXN</SubFmlyCd></Fmly></Domn></BkTxCd><NtryDtls><Btch><NbOfTxs>1</NbOfTxs></Btch><TxDtls><Refs><AcctSvcrRef>220831CH095A01QF</AcctSvcrRef><InstrId>LON03245558694</InstrId><EndToEndId>NOTPROVIDED</EndToEndId><Prtry><Tp>00</Tp><Ref>220831CH095A01QF</Ref></Prtry></Refs><Amt Ccy="CHF">2111.62</Amt><CdtDbtInd>CRDT</CdtDbtInd><BkTxCd><Domn><Cd>PMNT</Cd><Fmly><Cd>RCDT</Cd><SubFmlyCd>ATXN</SubFmlyCd></Fmly></Domn></BkTxCd><RltdPties><Dbtr><Nm>STRIPE PAYMENTS UK LTD</Nm><PstlAdr><AdrLine>9TH FLOOR, 107 CHEAPSIDE GB - LONDO</AdrLine><AdrLine>N EC2V 6DN</AdrLine></PstlAdr></Dbtr><DbtrAcct><Id><IBAN>DK6289000000010375</IBAN></Id></DbtrAcct><CdtrAcct><Id><IBAN>CH9209000000414939852</IBAN></Id></CdtrAcct></RltdPties><RltdAgts><DbtrAgt><FinInstnId><BICFI>CITIGB2LXXX</BICFI><Nm>CITIBANK N.A.</Nm><PstlAdr><AdrLine>CITIBANK CENTRE25 CANADA SQUARE</AdrLine><AdrLine>E14 5LB LONDON</AdrLine></PstlAdr></FinInstnId></DbtrAgt></RltdAgts><RmtInf><Ustrd>STRIPE C1D9L2</Ustrd><Strd><AddtlRmtInf>?REJECT?0</AddtlRmtInf><AddtlRmtInf>?ERROR?000</AddtlRmtInf></Strd></RmtInf><RltdDts><AccptncDtTm>2022-08-31T20:00:00</AccptncDtTm></RltdDts></TxDtls></NtryDtls><AddtlNtryInf>GUTSCHRIFT AUFTRAGGEBER: STRIPE PAYMENTS UK LTD 9TH FLOOR, 107 CHEAPSIDE GB - LONDO N EC2V 6DN MITTEILUNGEN: STRIPE C1D9L2 SPESENBETRAG 0.00 CHF SHA REFERENZEN: NOTPROVIDED LON03245558694 220831CH095A01QF</AddtlNtryInf></Ntry><Ntry><Amt Ccy="CHF">279.38</Amt><CdtDbtInd>DBIT</CdtDbtInd><RvslInd>false</RvslInd><Sts>BOOK</Sts><BookgDt><Dt>2022-08-31</Dt></BookgDt><ValDt><Dt>2022-08-31</Dt></ValDt><AcctSvcrRef>24322000952BNSNK</AcctSvcrRef><BkTxCd><Domn><Cd>PMNT</Cd><Fmly><Cd>ICDT</Cd><SubFmlyCd>ESCT</SubFmlyCd></Fmly></Domn></BkTxCd><NtryDtls><TxDtls><Refs><AcctSvcrRef>25-650783998-1</AcctSvcrRef><PmtInfId>25:650783998</PmtInfId><InstrId>20220830000800004963253</InstrId></Refs><Amt Ccy="CHF">279.38</Amt><CdtDbtInd>DBIT</CdtDbtInd><AmtDtls><InstdAmt><Amt Ccy="EUR">282.60</Amt><CcyXchg><SrcCcy>EUR</SrcCcy><XchgRate>0.9794</XchgRate></CcyXchg></InstdAmt></AmtDtls><BkTxCd><Domn><Cd>PMNT</Cd><Fmly><Cd>ICDT</Cd><SubFmlyCd>ESCT</SubFmlyCd></Fmly></Domn></BkTxCd><RltdPties><Cdtr><Nm>Himmelgrün GmbH</Nm><PstlAdr><StrtNm>Melisau 1130</StrtNm><PstCd>6863</PstCd><TwnNm>Egg</TwnNm><Ctry>AT</Ctry></PstlAdr></Cdtr><CdtrAcct><Id><IBAN>AT112060302000045647</IBAN></Id></CdtrAcct></RltdPties><RltdAgts><CdtrAgt><FinInstnId><BICFI>SPEGAT21XXX</BICFI><Nm>Sparkasse der Gemeinde Egg</Nm><PstlAdr><Ctry>AT</Ctry><AdrLine>Nr. 873</AdrLine><AdrLine>6863 Egg (Vbg.)</AdrLine></PstlAdr></FinInstnId></CdtrAgt></RltdAgts><RmtInf><Ustrd>Rechnung 5007393</Ustrd><Strd><AddtlRmtInf>Himmelgrün</AddtlRmtInf></Strd></RmtInf></TxDtls></NtryDtls><AddtlNtryInf>GIRO INTERNATIONAL (SEPA) EUR 282.60 ZUM KURS VON 0.9886 SPARKASSE DER GEMEINDE EGG NR. 873 6863 EGG (VBG.) AT112060302000045647 HIMMELGRÜN GMBH MELISAU 1130 6863 EGG SENDER REFERENZ: HIMMELGRÜN 20220830000800004963253</AddtlNtryInf></Ntry><Ntry><Amt Ccy="CHF">20000.00</Amt><CdtDbtInd>DBIT</CdtDbtInd><RvslInd>false</RvslInd><Sts>BOOK</Sts><BookgDt><Dt>2022-08-31</Dt></BookgDt><ValDt><Dt>2022-08-31</Dt></ValDt><AcctSvcrRef>24322000955H2VIK</AcctSvcrRef><BkTxCd><Domn><Cd>PMNT</Cd><Fmly><Cd>ICDT</Cd><SubFmlyCd>DMCT</SubFmlyCd></Fmly></Domn></BkTxCd><NtryDtls><TxDtls><Refs><AcctSvcrRef>25-651501128-1</AcctSvcrRef><PmtInfId>25:651501128</PmtInfId><InstrId>20220831000800023437739</InstrId></Refs><Amt Ccy="CHF">20000.00</Amt><CdtDbtInd>DBIT</CdtDbtInd><BkTxCd><Domn><Cd>PMNT</Cd><Fmly><Cd>ICDT</Cd><SubFmlyCd>DMCT</SubFmlyCd></Fmly></Domn></BkTxCd><RltdPties><Cdtr><Nm>Godetra AG</Nm><PstlAdr><Ctry>CH</Ctry></PstlAdr></Cdtr><CdtrAcct><Id><IBAN>CH1504835030036301000</IBAN></Id></CdtrAcct></RltdPties><RltdAgts><CdtrAgt><FinInstnId><BICFI>CRESCHZZ80A</BICFI><Nm>Credit Suisse (Schweiz) AG</Nm><PstlAdr><Ctry>CH</Ctry><AdrLine>Paradeplatz 8</AdrLine><AdrLine>8070 Zürich</AdrLine></PstlAdr></FinInstnId></CdtrAgt></RltdAgts><RmtInf><Ustrd>Fulfillment Akonto</Ustrd><Strd><AddtlRmtInf>Fulfillment Akonto</AddtlRmtInf></Strd></RmtInf></TxDtls></NtryDtls><AddtlNtryInf>LASTSCHRIFT CREDIT SUISSE (SCHWEIZ) AG PARADEPLATZ 8 8070 ZÜRICH CH1504835030036301000 GODETRA AG SENDER REFERENZ: FULFILLMENT AKONTO 20220831000800023437739</AddtlNtryInf></Ntry><Ntry><NtryRef>CH4330000001414939852</NtryRef><Amt Ccy="CHF">12234.78</Amt><CdtDbtInd>CRDT</CdtDbtInd><RvslInd>false</RvslInd><Sts>BOOK</Sts><BookgDt><Dt>2022-08-31</Dt></BookgDt><ValDt><Dt>2022-08-31</Dt></ValDt><AcctSvcrRef>2432200095ESOEZU</AcctSvcrRef><BkTxCd><Domn><Cd>PMNT</Cd><Fmly><Cd>RCDT</Cd><SubFmlyCd>VCOM</SubFmlyCd></Fmly></Domn></BkTxCd><NtryDtls><TxDtls><Refs><AcctSvcrRef>2432200095ESOEZU</AcctSvcrRef></Refs><Amt Ccy="CHF">12234.78</Amt><CdtDbtInd>CRDT</CdtDbtInd></TxDtls></NtryDtls><AddtlNtryInf>SAMMELGUTSCHRIFT FÜR KONTO: CH4330000001414939852 VERARBEITUNG VOM 31.08.2022 PAKET ID: 220831CH000009ZK</AddtlNtryInf></Ntry></Stmt></BkToCstmrStmt></Document>
