<?xml version="1.0" encoding="UTF-8"?>
<Document xmlns="urn:iso:std:iso:20022:tech:xsd:camt.053.001.04" xmlns:xsi="http://www.w3.org/2001/XMLSchema-instance" xsi:schemaLocation="urn:iso:std:iso:20022:tech:xsd:camt.053.001.04 camt.053.001.04.xsd"><BkToCstmrStmt><GrpHdr><MsgId>20220920375204930366435</MsgId><CreDtTm>2022-09-21T01:34:51</CreDtTm><MsgPgntn><PgNb>1</PgNb><LastPgInd>true</LastPgInd></MsgPgntn><AddtlInf>SPS/1.7/PROD</AddtlInf></GrpHdr><Stmt><Id>20220920375204930366452</Id><ElctrncSeqNb>184</ElctrncSeqNb><CreDtTm>2022-09-21T01:34:51</CreDtTm><FrToDt><FrDtTm>2022-09-20T00:00:00</FrDtTm><ToDtTm>2022-09-20T23:59:59</ToDtTm></FrToDt><Acct><Id><IBAN>CH9209000000414939852</IBAN></Id><Ownr><Nm>eversmart products Handels GmbH Pfäffikon SZ</Nm></Ownr></Acct><Bal><Tp><CdOrPrtry><Cd>OPBD</Cd></CdOrPrtry></Tp><Amt Ccy="CHF">106455.75</Amt><CdtDbtInd>CRDT</CdtDbtInd><Dt><Dt>2022-09-20</Dt></Dt></Bal><Bal><Tp><CdOrPrtry><Cd>CLBD</Cd></CdOrPrtry></Tp><Amt Ccy="CHF">93210.98</Amt><CdtDbtInd>CRDT</CdtDbtInd><Dt><Dt>2022-09-20</Dt></Dt></Bal><Bal><Tp><CdOrPrtry><Cd>CLAV</Cd></CdOrPrtry></Tp><Amt Ccy="CHF">93210.98</Amt><CdtDbtInd>CRDT</CdtDbtInd><Dt><Dt>2022-09-20</Dt></Dt></Bal><Ntry><Amt Ccy="CHF">4698.10</Amt><CdtDbtInd>DBIT</CdtDbtInd><RvslInd>false</RvslInd><Sts>BOOK</Sts><BookgDt><Dt>2022-09-20</Dt></BookgDt><ValDt><Dt>2022-09-20</Dt></ValDt><AcctSvcrRef>2632200097ZY0RTK</AcctSvcrRef><BkTxCd><Domn><Cd>PMNT</Cd><Fmly><Cd>ICDT</Cd><SubFmlyCd>ESCT</SubFmlyCd></Fmly></Domn></BkTxCd><NtryDtls><TxDtls><Refs><AcctSvcrRef>25-660719982-1</AcctSvcrRef><PmtInfId>25:660719982</PmtInfId><InstrId>20220919000800331559754</InstrId></Refs><Amt Ccy="CHF">4698.10</Amt><CdtDbtInd>DBIT</CdtDbtInd><AmtDtls><InstdAmt><Amt Ccy="EUR">4794.47</Amt><CcyXchg><SrcCcy>EUR</SrcCcy><XchgRate>0.9799</XchgRate></CcyXchg></InstdAmt></AmtDtls><BkTxCd><Domn><Cd>PMNT</Cd><Fmly><Cd>ICDT</Cd><SubFmlyCd>ESCT</SubFmlyCd></Fmly></Domn></BkTxCd><RltdPties><Cdtr><Nm>Shengzhou Zhiding Transmission Equipment Co., Ltd.</Nm><PstlAdr><StrtNm>rue du Laboratoire</StrtNm><BldgNb>9</BldgNb><PstCd>1911</PstCd><TwnNm>Luxembourg</TwnNm><Ctry>LU</Ctry></PstlAdr></Cdtr><CdtrAcct><Id><IBAN>LU440670004246426413</IBAN></Id></CdtrAcct></RltdPties><RltdAgts><CdtrAgt><FinInstnId><BICFI>CHASLULXXXX</BICFI><Nm>J.P. MORGAN SE - LUXEMBOURG BRANCH</Nm><PstlAdr><Ctry>LU</Ctry><AdrLine>6 ROUTE DE TREVES L-2663 SENNINGERBERG</AdrLine></PstlAdr></FinInstnId></CdtrAgt></RltdAgts><RmtInf><Ustrd>152649910501022575</Ustrd><Strd><AddtlRmtInf>Stehtische 1/2</AddtlRmtInf></Strd></RmtInf></TxDtls></NtryDtls><AddtlNtryInf>GIRO INTERNATIONAL (SEPA) EUR 4'794.47 ZUM KURS VON 0.9799 J.P. MORGAN SE - LUXEMBOURG BRANCH 6 ROUTE DE TREVES L-2663 SENNINGERBERG LU440670004246426413 SHENGZHOU ZHIDING TRANSMISSION EQUI PMENT CO., LTD. RUE DU LABORATOIRE 9 1911 LUXEMBOURG SENDER REFERENZ: STEHTISCHE 1/2 20220919000800331559754</AddtlNtryInf></Ntry><Ntry><Amt Ccy="CHF">2274.36</Amt><CdtDbtInd>DBIT</CdtDbtInd><RvslInd>false</RvslInd><Sts>BOOK</Sts><BookgDt><Dt>2022-09-20</Dt></BookgDt><ValDt><Dt>2022-09-20</Dt></ValDt><AcctSvcrRef>2632200097V3OBXK</AcctSvcrRef><BkTxCd><Domn><Cd>PMNT</Cd><Fmly><Cd>ICDT</Cd><SubFmlyCd>DMCT</SubFmlyCd></Fmly></Domn></BkTxCd><NtryDtls><TxDtls><Refs><AcctSvcrRef>25-660610742-1</AcctSvcrRef><PmtInfId>25:660610742</PmtInfId><InstrId>20220919000800327875976</InstrId></Refs><Amt Ccy="CHF">2274.36</Amt><CdtDbtInd>DBIT</CdtDbtInd><BkTxCd><Domn><Cd>PMNT</Cd><Fmly><Cd>ICDT</Cd><SubFmlyCd>DMCT</SubFmlyCd></Fmly></Domn></BkTxCd><RltdPties><Cdtr><Nm>Nunes de Moura Adairlis</Nm><PstlAdr><Ctry>CH</Ctry></PstlAdr></Cdtr><CdtrAcct><Id><IBAN>CH9280808007332815007</IBAN></Id></CdtrAcct></RltdPties><RltdAgts><CdtrAgt><FinInstnId><BICFI>RAIFCH22XXX</BICFI><Nm>Raiffeisen</Nm><PstlAdr><Ctry>CH</Ctry><AdrLine>Raiffeisenplatz 9001 St. Gallen</AdrLine></PstlAdr></FinInstnId></CdtrAgt></RltdAgts><RmtInf><Ustrd>Lohn Sept 2022</Ustrd><Strd><AddtlRmtInf>Lohn Sept 2022</AddtlRmtInf></Strd></RmtInf></TxDtls></NtryDtls><AddtlNtryInf>LASTSCHRIFT RAIFFEISEN RAIFFEISENPLATZ 9001 ST. GALLEN CH9280808007332815007 NUNES DE MOURA ADAIRLIS SENDER REFERENZ: LOHN SEPT 2022 20220919000800327875976</AddtlNtryInf></Ntry><Ntry><Amt Ccy="CHF">1289.80</Amt><CdtDbtInd>DBIT</CdtDbtInd><RvslInd>false</RvslInd><Sts>BOOK</Sts><BookgDt><Dt>2022-09-20</Dt></BookgDt><ValDt><Dt>2022-09-20</Dt></ValDt><AcctSvcrRef>2632200097UOUHPK</AcctSvcrRef><BkTxCd><Domn><Cd>PMNT</Cd><Fmly><Cd>ICDT</Cd><SubFmlyCd>DMCT</SubFmlyCd></Fmly></Domn></BkTxCd><NtryDtls><TxDtls><Refs><AcctSvcrRef>25-660586731-1</AcctSvcrRef><PmtInfId>25:660586731</PmtInfId><InstrId>20220919000800327088662</InstrId></Refs><Amt Ccy="CHF">1289.80</Amt><CdtDbtInd>DBIT</CdtDbtInd><BkTxCd><Domn><Cd>PMNT</Cd><Fmly><Cd>ICDT</Cd><SubFmlyCd>DMCT</SubFmlyCd></Fmly></Domn></BkTxCd><RltdPties><Cdtr><Nm>MEDEWO AG</Nm><PstlAdr><Ctry>CH</Ctry></PstlAdr></Cdtr><CdtrAcct><Id><IBAN>CH2330005231472324520</IBAN></Id></CdtrAcct></RltdPties><RltdAgts><CdtrAgt><FinInstnId><BICFI>UBSWCHZH80A</BICFI><Nm>UBS Switzerland AG</Nm><PstlAdr><Ctry>CH</Ctry><AdrLine>Bahnhofstrasse 45 8098 Zürich</AdrLine></PstlAdr></FinInstnId></CdtrAgt></RltdAgts><RmtInf><Strd><CdtrRefInf><Tp><CdOrPrtry><Prtry>QRR</Prtry></CdOrPrtry></Tp><Ref>282062000202233303002408399</Ref></CdtrRefInf><AddtlRmtInf>MEDEWO</AddtlRmtInf></Strd></RmtInf></TxDtls></NtryDtls><AddtlNtryInf>LASTSCHRIFT UBS SWITZERLAND AG BAHNHOFSTRASSE 45 8098 ZÜRICH CH2330005231472324520 MEDEWO AG SENDER REFERENZ: MEDEWO 20220919000800327088662</AddtlNtryInf></Ntry><Ntry><Amt Ccy="CHF">1320.80</Amt><CdtDbtInd>DBIT</CdtDbtInd><RvslInd>false</RvslInd><Sts>BOOK</Sts><BookgDt><Dt>2022-09-20</Dt></BookgDt><ValDt><Dt>2022-09-20</Dt></ValDt><AcctSvcrRef>2632200097VCNKBK</AcctSvcrRef><BkTxCd><Domn><Cd>PMNT</Cd><Fmly><Cd>ICDT</Cd><SubFmlyCd>DMCT</SubFmlyCd></Fmly></Domn></BkTxCd><NtryDtls><TxDtls><Refs><AcctSvcrRef>25-660583010-1</AcctSvcrRef><PmtInfId>25:660583010</PmtInfId><InstrId>20220919000800326968895</InstrId></Refs><Amt Ccy="CHF">1320.80</Amt><CdtDbtInd>DBIT</CdtDbtInd><BkTxCd><Domn><Cd>PMNT</Cd><Fmly><Cd>ICDT</Cd><SubFmlyCd>DMCT</SubFmlyCd></Fmly></Domn></BkTxCd><RltdPties><Cdtr><Nm>BonAssistus Pensionskasse Cl. 230</Nm><PstlAdr><Ctry>CH</Ctry><AdrLine>Industriestrasse 25 8604 Volketswil</AdrLine></PstlAdr></Cdtr><CdtrAcct><Id><IBAN>CH6100230230P02283160</IBAN></Id></CdtrAcct></RltdPties><RltdAgts><CdtrAgt><FinInstnId><BICFI>UBSWCHZH80A</BICFI><Nm>UBS Switzerland AG</Nm><PstlAdr><Ctry>CH</Ctry><AdrLine>Bahnhofstrasse 45 8098 Zürich</AdrLine></PstlAdr></FinInstnId></CdtrAgt></RltdAgts><RmtInf><Ustrd>Pensionskasse September 2022 eversm</Ustrd><Ustrd>art products Handels GmbH</Ustrd><Strd><AddtlRmtInf>Pensionskassenbeiträge Sept 2022</AddtlRmtInf></Strd></RmtInf></TxDtls></NtryDtls><AddtlNtryInf>LASTSCHRIFT UBS SWITZERLAND AG BAHNHOFSTRASSE 45 8098 ZÜRICH CH6100230230P02283160 BONASSISTUS PENSIONSKASSE CL. 230 INDUSTRIESTRASSE 25 8604 VOLKETSWIL SENDER REFERENZ: PENSIONSKASSENBEITRÄGE SEPT 2022 20220919000800326968895</AddtlNtryInf></Ntry><Ntry><Amt Ccy="CHF">18075.80</Amt><CdtDbtInd>DBIT</CdtDbtInd><RvslInd>false</RvslInd><Sts>BOOK</Sts><BookgDt><Dt>2022-09-20</Dt></BookgDt><ValDt><Dt>2022-09-20</Dt></ValDt><AcctSvcrRef>2632200097V799OK</AcctSvcrRef><BkTxCd><Domn><Cd>PMNT</Cd><Fmly><Cd>ICDT</Cd><SubFmlyCd>DMCT</SubFmlyCd></Fmly></Domn></BkTxCd><NtryDtls><TxDtls><Refs><AcctSvcrRef>25-660611114-1</AcctSvcrRef><PmtInfId>25:660611114</PmtInfId><InstrId>20220919000800327887315</InstrId></Refs><Amt Ccy="CHF">18075.80</Amt><CdtDbtInd>DBIT</CdtDbtInd><BkTxCd><Domn><Cd>PMNT</Cd><Fmly><Cd>ICDT</Cd><SubFmlyCd>DMCT</SubFmlyCd></Fmly></Domn></BkTxCd><RltdPties><Cdtr><Nm>Timo Miczek</Nm><PstlAdr><Ctry>CH</Ctry><AdrLine>Schindellegistrasse 65 8808 Pfäffikon</AdrLine></PstlAdr></Cdtr><CdtrAcct><Id><IBAN>CH2981479000001234792</IBAN></Id></CdtrAcct></RltdPties><RltdAgts><CdtrAgt><FinInstnId><BICFI>RAIFCH22E79</BICFI><Nm>Raiffeisenbank Weinland</Nm><PstlAdr><Ctry>CH</Ctry><AdrLine>Thurtalstrasse 4 8450 Andelfingen</AdrLine></PstlAdr></FinInstnId></CdtrAgt></RltdAgts><RmtInf><Ustrd>Lohn Sept 2022</Ustrd><Strd><AddtlRmtInf>Lohn Sept 2022</AddtlRmtInf></Strd></RmtInf></TxDtls></NtryDtls><AddtlNtryInf>LASTSCHRIFT RAIFFEISENBANK WEINLAND THURTALSTRASSE 4 8450 ANDELFINGEN CH2981479000001234792 TIMO MICZEK SCHINDELLEGISTRASSE 65 8808 PFÄFFIKON SENDER REFERENZ: LOHN SEPT 2022 20220919000800327887315</AddtlNtryInf></Ntry><Ntry><NtryRef>CH9209000000414939852</NtryRef><Amt Ccy="CHF">1247.00</Amt><CdtDbtInd>CRDT</CdtDbtInd><RvslInd>false</RvslInd><Sts>BOOK</Sts><BookgDt><Dt>2022-09-20</Dt></BookgDt><ValDt><Dt>2022-09-20</Dt></ValDt><AcctSvcrRef>26322010982BAFVK</AcctSvcrRef><BkTxCd><Domn><Cd>PMNT</Cd><Fmly><Cd>RCDT</Cd><SubFmlyCd>ATXN</SubFmlyCd></Fmly></Domn></BkTxCd><NtryDtls><Btch><NbOfTxs>1</NbOfTxs></Btch><TxDtls><Refs><AcctSvcrRef>220920CH0982BAFV</AcctSvcrRef><InstrId>DNXZ220919C03463</InstrId><EndToEndId>SP-28396674-0</EndToEndId><Prtry><Tp>00</Tp><Ref>220920CH0982BAFV</Ref></Prtry></Refs><Amt Ccy="CHF">1247.00</Amt><CdtDbtInd>CRDT</CdtDbtInd><BkTxCd><Domn><Cd>PMNT</Cd><Fmly><Cd>RCDT</Cd><SubFmlyCd>ATXN</SubFmlyCd></Fmly></Domn></BkTxCd><RltdPties><Dbtr><Nm>Claudia Theiler</Nm><PstlAdr><StrtNm>Uetlibergstrasse</StrtNm><BldgNb>246</BldgNb><PstCd>8045</PstCd><TwnNm>Zurich</TwnNm><Ctry>CH</Ctry></PstlAdr></Dbtr><DbtrAcct><Id><IBAN>CH8204835001859080000</IBAN></Id></DbtrAcct><CdtrAcct><Id><IBAN>CH9209000000414939852</IBAN></Id></CdtrAcct></RltdPties><RltdAgts><DbtrAgt><FinInstnId><ClrSysMmbId><MmbId>4835</MmbId></ClrSysMmbId><Nm>Credit Suisse (Schweiz) AG</Nm><PstlAdr><AdrLine>Paradeplatz 8</AdrLine><AdrLine>8070 Zürich</AdrLine></PstlAdr></FinInstnId></DbtrAgt></RltdAgts><RmtInf><Ustrd>Meine Bestellung bei Mein-stehtisch</Ustrd><Ustrd>.ch 9772. Rechnung RE-92713. Refere</Ustrd><Ustrd>nz 000000000000000000000926632</Ustrd><Strd><AddtlRmtInf>?REJECT?0</AddtlRmtInf><AddtlRmtInf>?ERROR?000</AddtlRmtInf></Strd></RmtInf><RltdDts><AccptncDtTm>2022-09-20T20:00:00</AccptncDtTm></RltdDts></TxDtls></NtryDtls><AddtlNtryInf>GUTSCHRIFT AUFTRAGGEBER: CLAUDIA THEILER UETLIBERGSTRASSE 246 8045 ZURICH MITTEILUNGEN: MEINE BESTELLUNG BEI MEIN-STEHTISCH .CH 9772. RECHNUNG RE-92713. REFERE NZ 000000000000000000000926632 SPESENBETRAG 0.00 CHF SHA REFERENZEN: SP-28396674-0 DNXZ220919C03463 220920CH0982BAFV</AddtlNtryInf></Ntry><Ntry><NtryRef>CH9209000000414939852</NtryRef><Amt Ccy="CHF">769.00</Amt><CdtDbtInd>CRDT</CdtDbtInd><RvslInd>false</RvslInd><Sts>BOOK</Sts><BookgDt><Dt>2022-09-20</Dt></BookgDt><ValDt><Dt>2022-09-20</Dt></ValDt><AcctSvcrRef>26322010982E0PEK</AcctSvcrRef><BkTxCd><Domn><Cd>PMNT</Cd><Fmly><Cd>RCDT</Cd><SubFmlyCd>ATXN</SubFmlyCd></Fmly></Domn></BkTxCd><NtryDtls><Btch><NbOfTxs>1</NbOfTxs></Btch><TxDtls><Refs><AcctSvcrRef>220920CH0982E0PE</AcctSvcrRef><InstrId>226358997510001</InstrId><EndToEndId>NOTPROVIDED</EndToEndId><Prtry><Tp>00</Tp><Ref>220920CH0982E0PE</Ref></Prtry></Refs><Amt Ccy="CHF">769.00</Amt><CdtDbtInd>CRDT</CdtDbtInd><BkTxCd><Domn><Cd>PMNT</Cd><Fmly><Cd>RCDT</Cd><SubFmlyCd>ATXN</SubFmlyCd></Fmly></Domn></BkTxCd><RltdPties><Dbtr><Nm>Nicolas Reinbrecht</Nm><PstlAdr><StrtNm>Zur Kaeserei</StrtNm><BldgNb>1</BldgNb><PstCd>8864</PstCd><TwnNm>Reichenburg</TwnNm><Ctry>CH</Ctry></PstlAdr></Dbtr><DbtrAcct><Id><IBAN>CH5700700113600016554</IBAN></Id></DbtrAcct><CdtrAcct><Id><IBAN>CH9209000000414939852</IBAN></Id></CdtrAcct></RltdPties><RltdAgts><DbtrAgt><FinInstnId><ClrSysMmbId><MmbId>700</MmbId></ClrSysMmbId><Nm>Zürcher Kantonalbank</Nm><PstlAdr><AdrLine>8010 Zürich</AdrLine></PstlAdr></FinInstnId></DbtrAgt></RltdAgts><RmtInf><Ustrd>RE.92764</Ustrd><Strd><AddtlRmtInf>?REJECT?0</AddtlRmtInf><AddtlRmtInf>?ERROR?000</AddtlRmtInf></Strd></RmtInf><RltdDts><AccptncDtTm>2022-09-20T20:00:00</AccptncDtTm></RltdDts></TxDtls></NtryDtls><AddtlNtryInf>GUTSCHRIFT AUFTRAGGEBER: NICOLAS REINBRECHT ZUR KAESEREI 1 8864 REICHENBURG MITTEILUNGEN: RE.92764 REFERENZEN: NOTPROVIDED 226358997510001 220920CH0982E0PE</AddtlNtryInf></Ntry><Ntry><NtryRef>CH9209000000414939852</NtryRef><Amt Ccy="CHF">2042.97</Amt><CdtDbtInd>CRDT</CdtDbtInd><RvslInd>false</RvslInd><Sts>BOOK</Sts><BookgDt><Dt>2022-09-20</Dt></BookgDt><ValDt><Dt>2022-09-20</Dt></ValDt><AcctSvcrRef>2632200097U2K2LK</AcctSvcrRef><BkTxCd><Domn><Cd>PMNT</Cd><Fmly><Cd>RCDT</Cd><SubFmlyCd>AUTT</SubFmlyCd></Fmly></Domn></BkTxCd><NtryDtls><Btch><NbOfTxs>1</NbOfTxs></Btch><TxDtls><Refs><MsgId>TWINT20220916-101-Merchant</MsgId><AcctSvcrRef>220917CH097U2K2L</AcctSvcrRef><PmtInfId>TWINT20220916-101-Merchant-B1</PmtInfId><InstrId>d78209e7c28d4cdf83e5f22bb036c97b</InstrId><EndToEndId>TWINT20220916-101-Merchant-B1</EndToEndId><Prtry><Tp>00</Tp><Ref>220917CH097U2K2L</Ref></Prtry></Refs><Amt Ccy="CHF">2042.97</Amt><CdtDbtInd>CRDT</CdtDbtInd><BkTxCd><Domn><Cd>PMNT</Cd><Fmly><Cd>RCDT</Cd><SubFmlyCd>AUTT</SubFmlyCd></Fmly></Domn></BkTxCd><RltdPties><Dbtr><Nm>TWINT Acquiring AG</Nm><PstlAdr><StrtNm>Stauffacherstrasse</StrtNm><BldgNb>41</BldgNb><PstCd>8004</PstCd><TwnNm>Zürich</TwnNm><Ctry>CH</Ctry></PstlAdr></Dbtr><DbtrAcct><Id><IBAN>CH6609000000313087410</IBAN></Id></DbtrAcct><CdtrAcct><Id><IBAN>CH9209000000414939852</IBAN></Id></CdtrAcct></RltdPties><RltdAgts><DbtrAgt><FinInstnId><BICFI>POFICHBEXXX</BICFI><Nm>POSTFINANCE AG</Nm><PstlAdr><AdrLine>MINGERSTRASSE , 20</AdrLine><AdrLine>3030 BERN</AdrLine></PstlAdr></FinInstnId></DbtrAgt></RltdAgts><RmtInf><Ustrd>999999 TWINT TWINT Auszahlungen Pay</Ustrd><Ustrd>out 20220917                       </Ustrd><Ustrd>   Gross: 2069.90 Fees: -26.93</Ustrd><Strd><AddtlRmtInf>?REJECT?0</AddtlRmtInf><AddtlRmtInf>?ERROR?000</AddtlRmtInf></Strd></RmtInf><RltdDts><AccptncDtTm>2022-09-19T20:00:00</AccptncDtTm></RltdDts></TxDtls></NtryDtls><AddtlNtryInf>GUTSCHRIFT CH6609000000313087410 ABSENDER: TWINT ACQUIRING AG STAUFFACHERSTRASSE 41 8004 ZÜRICH MITTEILUNGEN: 999999 TWINT TWINT AUSZAHLUNGEN PAY OUT 20220917                           GROSS: 2069.90 FEES: -26.93 REFERENZEN: TWINT20220916-101-MERCHANT-B1</AddtlNtryInf></Ntry><Ntry><NtryRef>CH9209000000414939852</NtryRef><Amt Ccy="CHF">178.75</Amt><CdtDbtInd>CRDT</CdtDbtInd><RvslInd>false</RvslInd><Sts>BOOK</Sts><BookgDt><Dt>2022-09-20</Dt></BookgDt><ValDt><Dt>2022-09-20</Dt></ValDt><AcctSvcrRef>26322010983XTLAK</AcctSvcrRef><BkTxCd><Domn><Cd>PMNT</Cd><Fmly><Cd>RCDT</Cd><SubFmlyCd>ATXN</SubFmlyCd></Fmly></Domn></BkTxCd><NtryDtls><Btch><NbOfTxs>1</NbOfTxs></Btch><TxDtls><Refs><AcctSvcrRef>220920CH0983XTLA</AcctSvcrRef><InstrId>LON03249235077</InstrId><EndToEndId>NOTPROVIDED</EndToEndId><Prtry><Tp>00</Tp><Ref>220920CH0983XTLA</Ref></Prtry></Refs><Amt Ccy="CHF">178.75</Amt><CdtDbtInd>CRDT</CdtDbtInd><BkTxCd><Domn><Cd>PMNT</Cd><Fmly><Cd>RCDT</Cd><SubFmlyCd>ATXN</SubFmlyCd></Fmly></Domn></BkTxCd><RltdPties><Dbtr><Nm>STRIPE PAYMENTS UK LTD</Nm><PstlAdr><AdrLine>9TH FLOOR, 107 CHEAPSIDE GB - LONDO</AdrLine><AdrLine>N EC2V 6DN</AdrLine></PstlAdr></Dbtr><DbtrAcct><Id><IBAN>DK6289000000010375</IBAN></Id></DbtrAcct><CdtrAcct><Id><IBAN>CH9209000000414939852</IBAN></Id></CdtrAcct></RltdPties><RltdAgts><DbtrAgt><FinInstnId><BICFI>CITIGB2LXXX</BICFI><Nm>CITIBANK N.A.</Nm><PstlAdr><AdrLine>CITIBANK CENTRE25 CANADA SQUARE</AdrLine><AdrLine>E14 5LB LONDON</AdrLine></PstlAdr></FinInstnId></DbtrAgt></RltdAgts><RmtInf><Ustrd>STRIPE S6T9N9</Ustrd><Strd><AddtlRmtInf>?REJECT?0</AddtlRmtInf><AddtlRmtInf>?ERROR?000</AddtlRmtInf></Strd></RmtInf><RltdDts><AccptncDtTm>2022-09-20T20:00:00</AccptncDtTm></RltdDts></TxDtls></NtryDtls><AddtlNtryInf>GUTSCHRIFT AUFTRAGGEBER: STRIPE PAYMENTS UK LTD 9TH FLOOR, 107 CHEAPSIDE GB - LONDO N EC2V 6DN MITTEILUNGEN: STRIPE S6T9N9 SPESENBETRAG 0.00 CHF SHA REFERENZEN: NOTPROVIDED LON03249235077 220920CH0983XTLA</AddtlNtryInf></Ntry><Ntry><Amt Ccy="CHF">24.50</Amt><CdtDbtInd>DBIT</CdtDbtInd><RvslInd>false</RvslInd><Sts>BOOK</Sts><BookgDt><Dt>2022-09-20</Dt></BookgDt><ValDt><Dt>2022-09-20</Dt></ValDt><AcctSvcrRef>2632200097YUCGSK</AcctSvcrRef><BkTxCd><Domn><Cd>PMNT</Cd><Fmly><Cd>ICDT</Cd><SubFmlyCd>ESCT</SubFmlyCd></Fmly></Domn></BkTxCd><NtryDtls><TxDtls><Refs><AcctSvcrRef>25-660584345-1</AcctSvcrRef><PmtInfId>25:660584345</PmtInfId><InstrId>20220919000800327012256</InstrId></Refs><Amt Ccy="CHF">24.50</Amt><CdtDbtInd>DBIT</CdtDbtInd><AmtDtls><InstdAmt><Amt Ccy="EUR">25.00</Amt><CcyXchg><SrcCcy>EUR</SrcCcy><XchgRate>0.9799</XchgRate></CcyXchg></InstdAmt></AmtDtls><BkTxCd><Domn><Cd>PMNT</Cd><Fmly><Cd>ICDT</Cd><SubFmlyCd>ESCT</SubFmlyCd></Fmly></Domn></BkTxCd><RltdPties><Cdtr><Nm>DerGrünePunkt</Nm><PstlAdr><StrtNm>Edmund-Rumpler-Strasse</StrtNm><BldgNb>7</BldgNb><PstCd>51170</PstCd><TwnNm>Köln</TwnNm><Ctry>DE</Ctry></PstlAdr></Cdtr><CdtrAcct><Id><IBAN>DE19380400070110166600</IBAN></Id></CdtrAcct></RltdPties><RltdAgts><CdtrAgt><FinInstnId><BICFI>COBADEFFXXX</BICFI><Nm>COMMERZBANK AG</Nm><PstlAdr><Ctry>DE</Ctry><AdrLine>KAISERSTRASSE 16 60261 FRANKFURT AM MAIN</AdrLine></PstlAdr></FinInstnId></CdtrAgt></RltdAgts><RmtInf><Ustrd>R2437715</Ustrd><Strd><AddtlRmtInf>DerGrünePunkt</AddtlRmtInf></Strd></RmtInf></TxDtls></NtryDtls><AddtlNtryInf>GIRO INTERNATIONAL (SEPA) EUR 25.00 ZUM KURS VON 0.9799 COMMERZBANK AG KAISERSTRASSE 16 60261 FRANKFURT AM MAIN DE19380400070110166600 DERGRÜNEPUNKT EDMUND-RUMPLER-STRASSE 7 51170 KÖLN SENDER REFERENZ: DERGRÜNEPUNKT 20220919000800327012256</AddtlNtryInf></Ntry><Ntry><NtryRef>CH9209000000414939852</NtryRef><Amt Ccy="CHF">1987.12</Amt><CdtDbtInd>CRDT</CdtDbtInd><RvslInd>false</RvslInd><Sts>BOOK</Sts><BookgDt><Dt>2022-09-20</Dt></BookgDt><ValDt><Dt>2022-09-20</Dt></ValDt><AcctSvcrRef>2632200097X6681K</AcctSvcrRef><BkTxCd><Domn><Cd>PMNT</Cd><Fmly><Cd>RCDT</Cd><SubFmlyCd>AUTT</SubFmlyCd></Fmly></Domn></BkTxCd><NtryDtls><Btch><NbOfTxs>1</NbOfTxs></Btch><TxDtls><Refs><MsgId>TWINT20220918-101-Merchant</MsgId><AcctSvcrRef>220919CH097X6681</AcctSvcrRef><PmtInfId>TWINT20220918-101-Merchant-B1</PmtInfId><InstrId>700da5217da74b569e8ddaf593eb13a6</InstrId><EndToEndId>TWINT20220918-101-Merchant-B1</EndToEndId><Prtry><Tp>00</Tp><Ref>220919CH097X6681</Ref></Prtry></Refs><Amt Ccy="CHF">1987.12</Amt><CdtDbtInd>CRDT</CdtDbtInd><BkTxCd><Domn><Cd>PMNT</Cd><Fmly><Cd>RCDT</Cd><SubFmlyCd>AUTT</SubFmlyCd></Fmly></Domn></BkTxCd><RltdPties><Dbtr><Nm>TWINT Acquiring AG</Nm><PstlAdr><StrtNm>Stauffacherstrasse</StrtNm><BldgNb>41</BldgNb><PstCd>8004</PstCd><TwnNm>Zürich</TwnNm><Ctry>CH</Ctry></PstlAdr></Dbtr><DbtrAcct><Id><IBAN>CH6609000000313087410</IBAN></Id></DbtrAcct><CdtrAcct><Id><IBAN>CH9209000000414939852</IBAN></Id></CdtrAcct></RltdPties><RltdAgts><DbtrAgt><FinInstnId><BICFI>POFICHBEXXX</BICFI><Nm>POSTFINANCE AG</Nm><PstlAdr><AdrLine>MINGERSTRASSE , 20</AdrLine><AdrLine>3030 BERN</AdrLine></PstlAdr></FinInstnId></DbtrAgt></RltdAgts><RmtInf><Ustrd>999999 TWINT TWINT Auszahlungen Pay</Ustrd><Ustrd>out 20220919                       </Ustrd><Ustrd>   Gross: 2013.30 Fees: -26.18</Ustrd><Strd><AddtlRmtInf>?REJECT?0</AddtlRmtInf><AddtlRmtInf>?ERROR?000</AddtlRmtInf></Strd></RmtInf><RltdDts><AccptncDtTm>2022-09-20T20:00:00</AccptncDtTm></RltdDts></TxDtls></NtryDtls><AddtlNtryInf>GUTSCHRIFT CH6609000000313087410 ABSENDER: TWINT ACQUIRING AG STAUFFACHERSTRASSE 41 8004 ZÜRICH MITTEILUNGEN: 999999 TWINT TWINT AUSZAHLUNGEN PAY OUT 20220919                           GROSS: 2013.30 FEES: -26.18 REFERENZEN: TWINT20220918-101-MERCHANT-B1</AddtlNtryInf></Ntry><Ntry><NtryRef>CH9209000000414939852</NtryRef><Amt Ccy="CHF">79.90</Amt><CdtDbtInd>CRDT</CdtDbtInd><RvslInd>false</RvslInd><Sts>BOOK</Sts><BookgDt><Dt>2022-09-20</Dt></BookgDt><ValDt><Dt>2022-09-20</Dt></ValDt><AcctSvcrRef>26322010984UL8AK</AcctSvcrRef><BkTxCd><Domn><Cd>PMNT</Cd><Fmly><Cd>RCDT</Cd><SubFmlyCd>ATXN</SubFmlyCd></Fmly></Domn></BkTxCd><NtryDtls><Btch><NbOfTxs>1</NbOfTxs></Btch><TxDtls><Refs><AcctSvcrRef>220920CH0984UL8A</AcctSvcrRef><InstrId>DNU2220920C72141</InstrId><EndToEndId>SP-79679785-0</EndToEndId><Prtry><Tp>00</Tp><Ref>220920CH0984UL8A</Ref></Prtry></Refs><Amt Ccy="CHF">79.90</Amt><CdtDbtInd>CRDT</CdtDbtInd><BkTxCd><Domn><Cd>PMNT</Cd><Fmly><Cd>RCDT</Cd><SubFmlyCd>ATXN</SubFmlyCd></Fmly></Domn></BkTxCd><RltdPties><Dbtr><Nm>Cornelia Vonlanthen</Nm><PstlAdr><StrtNm>Im Esel</StrtNm><BldgNb>13</BldgNb><PstCd>4665</PstCd><TwnNm>Oftringen</TwnNm><Ctry>CH</Ctry></PstlAdr></Dbtr><DbtrAcct><Id><IBAN>CH0304835048949740001</IBAN></Id></DbtrAcct><CdtrAcct><Id><IBAN>CH9209000000414939852</IBAN></Id></CdtrAcct></RltdPties><RltdAgts><DbtrAgt><FinInstnId><ClrSysMmbId><MmbId>4835</MmbId></ClrSysMmbId><Nm>Credit Suisse (Schweiz) AG</Nm><PstlAdr><AdrLine>Paradeplatz 8</AdrLine><AdrLine>8070 Zürich</AdrLine></PstlAdr></FinInstnId></DbtrAgt></RltdAgts><RmtInf><Strd><AddtlRmtInf>?REJECT?0</AddtlRmtInf><AddtlRmtInf>?ERROR?000</AddtlRmtInf></Strd></RmtInf><RltdDts><AccptncDtTm>2022-09-20T20:00:00</AccptncDtTm></RltdDts></TxDtls></NtryDtls><AddtlNtryInf>GUTSCHRIFT AUFTRAGGEBER: CORNELIA VONLANTHEN IM ESEL 13 4665 OFTRINGEN SPESENBETRAG 0.00 CHF SHA REFERENZEN: SP-79679785-0 DNU2220920C72141 220920CH0984UL8A</AddtlNtryInf></Ntry><Ntry><Amt Ccy="CHF">7722.75</Amt><CdtDbtInd>DBIT</CdtDbtInd><RvslInd>false</RvslInd><Sts>BOOK</Sts><BookgDt><Dt>2022-09-20</Dt></BookgDt><ValDt><Dt>2022-09-20</Dt></ValDt><AcctSvcrRef>26322000986I697K</AcctSvcrRef><BkTxCd><Domn><Cd>PMNT</Cd><Fmly><Cd>ICDT</Cd><SubFmlyCd>XBCT</SubFmlyCd></Fmly></Domn></BkTxCd><NtryDtls><TxDtls><Refs><AcctSvcrRef>25-661170102-1</AcctSvcrRef><PmtInfId>25:661170102</PmtInfId><InstrId>20220920000800347022241</InstrId></Refs><Amt Ccy="CHF">7722.75</Amt><CdtDbtInd>DBIT</CdtDbtInd><AmtDtls><InstdAmt><Amt Ccy="USD">7887.60</Amt><CcyXchg><SrcCcy>USD</SrcCcy><XchgRate>0.9791</XchgRate></CcyXchg></InstdAmt></AmtDtls><BkTxCd><Domn><Cd>PMNT</Cd><Fmly><Cd>ICDT</Cd><SubFmlyCd>XBCT</SubFmlyCd></Fmly></Domn></BkTxCd><RltdPties><Cdtr><Nm>AIR-SEA TRANSPORT INC.</Nm><PstlAdr><StrtNm>ROOM (3-6) (3-7) Caihong Road 223 (South), Yinzhou District, NINGBO</StrtNm><BldgNb>223</BldgNb><PstCd>315040</PstCd><TwnNm>ZHEJIANG</TwnNm><Ctry>HK</Ctry></PstlAdr></Cdtr><CdtrAcct><Id><Othr><Id>00639191170702</Id></Othr></Id></CdtrAcct></RltdPties><RltdAgts><CdtrAgt><FinInstnId><BICFI>CITIHKHXXXX</BICFI><Nm>CITIBANK N.A.</Nm><PstlAdr><Ctry>HK</Ctry><AdrLine>GARDEN ROAD, 3CHAMPION TOWERFLOOR 5  CENTRAL</AdrLine></PstlAdr></FinInstnId></CdtrAgt></RltdAgts><RmtInf><Ustrd>D05742209038140</Ustrd><Strd><AddtlRmtInf>Gestelle Luftfracht</AddtlRmtInf></Strd></RmtInf></TxDtls></NtryDtls><AddtlNtryInf>GIRO INTERNATIONAL URGENT EXPRESS USD 7'887.60 ZUM KURS VON 0.9791 CITIBANK N.A. GARDEN ROAD, 3CHAMPION TOWERFLOOR 5  CENTRAL 00639191170702 AIR-SEA TRANSPORT INC. ROOM (3-6) (3-7) CAIHONG ROAD 2 223 315040 ZHEJIANG SENDER REFERENZ: GESTELLE LUFTFRACHT 20220920000800347022241</AddtlNtryInf></Ntry><Ntry><NtryRef>CH9209000000414939852</NtryRef><Amt Ccy="CHF">3237.25</Amt><CdtDbtInd>CRDT</CdtDbtInd><RvslInd>false</RvslInd><Sts>BOOK</Sts><BookgDt><Dt>2022-09-20</Dt></BookgDt><ValDt><Dt>2022-09-20</Dt></ValDt><AcctSvcrRef>2632200097V1CNPK</AcctSvcrRef><BkTxCd><Domn><Cd>PMNT</Cd><Fmly><Cd>RCDT</Cd><SubFmlyCd>AUTT</SubFmlyCd></Fmly></Domn></BkTxCd><NtryDtls><Btch><NbOfTxs>1</NbOfTxs></Btch><TxDtls><Refs><MsgId>TWINT20220917-101-Merchant</MsgId><AcctSvcrRef>220918CH097V1CNP</AcctSvcrRef><PmtInfId>TWINT20220917-101-Merchant-B1</PmtInfId><InstrId>0fe8a2adba174fa5b35e6b7bb2db87e9</InstrId><EndToEndId>TWINT20220917-101-Merchant-B1</EndToEndId><Prtry><Tp>00</Tp><Ref>220918CH097V1CNP</Ref></Prtry></Refs><Amt Ccy="CHF">3237.25</Amt><CdtDbtInd>CRDT</CdtDbtInd><BkTxCd><Domn><Cd>PMNT</Cd><Fmly><Cd>RCDT</Cd><SubFmlyCd>AUTT</SubFmlyCd></Fmly></Domn></BkTxCd><RltdPties><Dbtr><Nm>TWINT Acquiring AG</Nm><PstlAdr><StrtNm>Stauffacherstrasse</StrtNm><BldgNb>41</BldgNb><PstCd>8004</PstCd><TwnNm>Zürich</TwnNm><Ctry>CH</Ctry></PstlAdr></Dbtr><DbtrAcct><Id><IBAN>CH6609000000313087410</IBAN></Id></DbtrAcct><CdtrAcct><Id><IBAN>CH9209000000414939852</IBAN></Id></CdtrAcct></RltdPties><RltdAgts><DbtrAgt><FinInstnId><BICFI>POFICHBEXXX</BICFI><Nm>POSTFINANCE AG</Nm><PstlAdr><AdrLine>MINGERSTRASSE , 20</AdrLine><AdrLine>3030 BERN</AdrLine></PstlAdr></FinInstnId></DbtrAgt></RltdAgts><RmtInf><Ustrd>999999 TWINT TWINT Auszahlungen Pay</Ustrd><Ustrd>out 20220918                       </Ustrd><Ustrd>   Gross: 3279.90 Fees: -42.65</Ustrd><Strd><AddtlRmtInf>?REJECT?0</AddtlRmtInf><AddtlRmtInf>?ERROR?000</AddtlRmtInf></Strd></RmtInf><RltdDts><AccptncDtTm>2022-09-19T20:00:00</AccptncDtTm></RltdDts></TxDtls></NtryDtls><AddtlNtryInf>GUTSCHRIFT CH6609000000313087410 ABSENDER: TWINT ACQUIRING AG STAUFFACHERSTRASSE 41 8004 ZÜRICH MITTEILUNGEN: 999999 TWINT TWINT AUSZAHLUNGEN PAY OUT 20220918                           GROSS: 3279.90 FEES: -42.65 REFERENZEN: TWINT20220917-101-MERCHANT-B1</AddtlNtryInf></Ntry><Ntry><NtryRef>CH4330000001414939852</NtryRef><Amt Ccy="CHF">12159.95</Amt><CdtDbtInd>CRDT</CdtDbtInd><RvslInd>false</RvslInd><Sts>BOOK</Sts><BookgDt><Dt>2022-09-20</Dt></BookgDt><ValDt><Dt>2022-09-20</Dt></ValDt><AcctSvcrRef>26322000987Z91AU</AcctSvcrRef><BkTxCd><Domn><Cd>PMNT</Cd><Fmly><Cd>RCDT</Cd><SubFmlyCd>VCOM</SubFmlyCd></Fmly></Domn></BkTxCd><Chrgs><TtlChrgsAndTaxAmt Ccy="CHF">5.55</TtlChrgsAndTaxAmt><Rcrd><Amt Ccy="CHF">5.55</Amt><CdtDbtInd>DBIT</CdtDbtInd><ChrgInclInd>false</ChrgInclInd><Tp><Prtry><Id>2</Id></Prtry></Tp></Rcrd></Chrgs><NtryDtls><TxDtls><Refs><AcctSvcrRef>26322000987Z91AU</AcctSvcrRef></Refs><Amt Ccy="CHF">12159.95</Amt><CdtDbtInd>CRDT</CdtDbtInd></TxDtls></NtryDtls><AddtlNtryInf>SAMMELGUTSCHRIFT FÜR KONTO: CH4330000001414939852 VERARBEITUNG VOM 20.09.2022 PAKET ID: 220920CH000006YE</AddtlNtryInf></Ntry><Ntry><NtryRef>CH9530000002414939852</NtryRef><Amt Ccy="CHF">149.80</Amt><CdtDbtInd>CRDT</CdtDbtInd><RvslInd>false</RvslInd><Sts>BOOK</Sts><BookgDt><Dt>2022-09-20</Dt></BookgDt><ValDt><Dt>2022-09-20</Dt></ValDt><AcctSvcrRef>26322000987ZBMQU</AcctSvcrRef><BkTxCd><Domn><Cd>PMNT</Cd><Fmly><Cd>RCDT</Cd><SubFmlyCd>VCOM</SubFmlyCd></Fmly></Domn></BkTxCd><NtryDtls><TxDtls><Refs><AcctSvcrRef>26322000987ZBMQU</AcctSvcrRef></Refs><Amt Ccy="CHF">149.80</Amt><CdtDbtInd>CRDT</CdtDbtInd></TxDtls></NtryDtls><AddtlNtryInf>SAMMELGUTSCHRIFT FÜR KONTO: CH9530000002414939852 VERARBEITUNG VOM 20.09.2022 PAKET ID: 220920CH00000BH7</AddtlNtryInf></Ntry><Ntry><Amt Ccy="CHF">99.90</Amt><CdtDbtInd>CRDT</CdtDbtInd><RvslInd>false</RvslInd><Sts>BOOK</Sts><BookgDt><Dt>2022-09-20</Dt></BookgDt><ValDt><Dt>2022-09-20</Dt></ValDt><AcctSvcrRef>2632400231585568</AcctSvcrRef><BkTxCd><Domn><Cd>PMNT</Cd><Fmly><Cd>MCRD</Cd><SubFmlyCd>POSP</SubFmlyCd></Fmly></Domn></BkTxCd><NtryDtls><TxDtls><Refs><AcctSvcrRef>2632400231585568</AcctSvcrRef></Refs><Amt Ccy="CHF">99.90</Amt><CdtDbtInd>CRDT</CdtDbtInd></TxDtls></NtryDtls><AddtlNtryInf>GUTSCHRIFT E-PAYMENT-TRANSAKTIONEN POSTFINANCE CARD EINLIEFERUNG VOM 19.09.2022 EVERSMART PRODUCTS HANDELS GMBH PFAQ08S00000001 WWW.LOEWENHAAR.CH</AddtlNtryInf></Ntry><Ntry><Amt Ccy="CHF">159.80</Amt><CdtDbtInd>CRDT</CdtDbtInd><RvslInd>false</RvslInd><Sts>BOOK</Sts><BookgDt><Dt>2022-09-20</Dt></BookgDt><ValDt><Dt>2022-09-20</Dt></ValDt><AcctSvcrRef>2632400231585550</AcctSvcrRef><BkTxCd><Domn><Cd>PMNT</Cd><Fmly><Cd>MCRD</Cd><SubFmlyCd>POSP</SubFmlyCd></Fmly></Domn></BkTxCd><NtryDtls><TxDtls><Refs><AcctSvcrRef>2632400231585550</AcctSvcrRef></Refs><Amt Ccy="CHF">159.80</Amt><CdtDbtInd>CRDT</CdtDbtInd></TxDtls></NtryDtls><AddtlNtryInf>GUTSCHRIFT E-PAYMENT-TRANSAKTIONEN POSTFINANCE CARD EINLIEFERUNG VOM 19.09.2022 EVERSMART PRODUCTS HANDELS GMBH PFAQ0AXC0000001 HTTPS://VALGUSMED.CH/</AddtlNtryInf></Ntry><Ntry><Amt Ccy="CHF">49.90</Amt><CdtDbtInd>CRDT</CdtDbtInd><RvslInd>false</RvslInd><Sts>BOOK</Sts><BookgDt><Dt>2022-09-20</Dt></BookgDt><ValDt><Dt>2022-09-20</Dt></ValDt><AcctSvcrRef>2632400231585590</AcctSvcrRef><BkTxCd><Domn><Cd>PMNT</Cd><Fmly><Cd>MCRD</Cd><SubFmlyCd>POSP</SubFmlyCd></Fmly></Domn></BkTxCd><NtryDtls><TxDtls><Refs><AcctSvcrRef>2632400231585590</AcctSvcrRef></Refs><Amt Ccy="CHF">49.90</Amt><CdtDbtInd>CRDT</CdtDbtInd></TxDtls></NtryDtls><AddtlNtryInf>GUTSCHRIFT E-PAYMENT-TRANSAKTIONEN POSTFINANCE CARD EINLIEFERUNG VOM 19.09.2022 EVERSMART PRODUCTS HANDELS GMBH PFAQ08UA0000001 WWW.AIR-HALLUX.CH</AddtlNtryInf></Ntry></Stmt></BkToCstmrStmt></Document>
