<?xml version="1.0" encoding="UTF-8"?>
<Document xmlns="urn:iso:std:iso:20022:tech:xsd:camt.054.001.04" xmlns:xsi="http://www.w3.org/2001/XMLSchema-instance" xsi:schemaLocation="urn:iso:std:iso:20022:tech:xsd:camt.054.001.04 camt.054.001.04.xsd"><BkToCstmrDbtCdtNtfctn><GrpHdr><MsgId>20221010375204947941482</MsgId><CreDtTm>2022-10-10T23:39:04</CreDtTm><MsgPgntn><PgNb>1</PgNb><LastPgInd>true</LastPgInd></MsgPgntn><AddtlInf>SPS/1.7/PROD</AddtlInf></GrpHdr><Ntfctn><Id>20221010375204947941485</Id><CreDtTm>2022-10-10T23:39:04</CreDtTm><FrToDt><FrDtTm>2022-10-08T00:00:00</FrDtTm><ToDtTm>2022-10-10T23:59:59</ToDtTm></FrToDt><RptgSrc><Prtry>OTHR</Prtry></RptgSrc><Acct><Id><IBAN>CH9209000000414939852</IBAN></Id><Ownr><Nm>eversmart products Handels GmbH Pfäffikon SZ</Nm></Ownr></Acct><Ntry><NtryRef>CH9530000002414939852</NtryRef><Amt Ccy="CHF">294.00</Amt><CdtDbtInd>CRDT</CdtDbtInd><RvslInd>false</RvslInd><Sts>BOOK</Sts><BookgDt><Dt>2022-10-10</Dt></BookgDt><ValDt><Dt>2022-10-10</Dt></ValDt><AcctSvcrRef>283220009BJTCJJU</AcctSvcrRef><BkTxCd><Domn><Cd>PMNT</Cd><Fmly><Cd>RCDT</Cd><SubFmlyCd>VCOM</SubFmlyCd></Fmly></Domn></BkTxCd><Chrgs><TtlChrgsAndTaxAmt Ccy="CHF">3.20</TtlChrgsAndTaxAmt><Rcrd><Amt Ccy="CHF">3.20</Amt><CdtDbtInd>DBIT</CdtDbtInd><ChrgInclInd>false</ChrgInclInd><Tp><Prtry><Id>2</Id></Prtry></Tp></Rcrd></Chrgs><NtryDtls><Btch><NbOfTxs>4</NbOfTxs></Btch><TxDtls><Refs><AcctSvcrRef>221007CH09BA9A76</AcctSvcrRef><InstrId>20221007000800701339921</InstrId><Prtry><Tp>00</Tp><Ref>20221010375204623542090</Ref></Prtry></Refs><Amt Ccy="CHF">49.90</Amt><CdtDbtInd>CRDT</CdtDbtInd><BkTxCd><Domn><Cd>PMNT</Cd><Fmly><Cd>RCDT</Cd><SubFmlyCd>AUTT</SubFmlyCd></Fmly></Domn></BkTxCd><RltdPties><Dbtr><Nm>Wyss Fabrice Rémy</Nm><PstlAdr><StrtNm>Oberdorfstrasse</StrtNm><BldgNb>14</BldgNb><PstCd>2572</PstCd><TwnNm>Mörigen</TwnNm><Ctry>CH</Ctry></PstlAdr></Dbtr><DbtrAcct><Id><IBAN>CH6909000000303380178</IBAN></Id></DbtrAcct><UltmtDbtr><Nm>Fabrice Wyss</Nm><PstlAdr><StrtNm>Oberdorfstrasse 14</StrtNm><PstCd>2572</PstCd><TwnNm>Mörigen</TwnNm><Ctry>CH</Ctry></PstlAdr></UltmtDbtr><CdtrAcct><Id><IBAN>CH9530000002414939852</IBAN></Id></CdtrAcct></RltdPties><RltdAgts><DbtrAgt><FinInstnId><BICFI>POFICHBEXXX</BICFI><Nm>POSTFINANCE AG</Nm><PstlAdr><AdrLine>MINGERSTRASSE , 20</AdrLine><AdrLine>3030 BERN</AdrLine></PstlAdr></FinInstnId></DbtrAgt></RltdAgts><RmtInf><Strd><CdtrRefInf><Tp><CdOrPrtry><Prtry>QRR</Prtry></CdOrPrtry></Tp><Ref>000000000000000000000005472</Ref></CdtrRefInf><AddtlRmtInf>?REJECT?0</AddtlRmtInf><AddtlRmtInf>?ERROR?000</AddtlRmtInf><AddtlRmtInf>6844</AddtlRmtInf></Strd></RmtInf><RltdDts><AccptncDtTm>2022-10-10T20:00:00</AccptncDtTm></RltdDts></TxDtls><TxDtls><Refs><AcctSvcrRef>221008CH09BBAKWM</AcctSvcrRef><InstrId>20221007723302000100087</InstrId><Prtry><Tp>00</Tp><Ref>20221007723302000100087</Ref></Prtry></Refs><Amt Ccy="CHF">99.90</Amt><CdtDbtInd>CRDT</CdtDbtInd><BkTxCd><Domn><Cd>PMNT</Cd><Fmly><Cd>CNTR</Cd><SubFmlyCd>CDPT</SubFmlyCd></Fmly></Domn></BkTxCd><Chrgs><TtlChrgsAndTaxAmt Ccy="CHF">1.60</TtlChrgsAndTaxAmt><Rcrd><Amt Ccy="CHF">1.60</Amt><CdtDbtInd>DBIT</CdtDbtInd><ChrgInclInd>false</ChrgInclInd><Tp><Prtry><Id>2</Id></Prtry></Tp></Rcrd></Chrgs><RltdPties><UltmtDbtr><Nm>Cornelia Aregger</Nm><PstlAdr><AdrLine>Schwerzistrasse 57 Haus</AdrLine><AdrLine>6017 Ruswil</AdrLine></PstlAdr></UltmtDbtr><CdtrAcct><Id><IBAN>CH9530000002414939852</IBAN></Id></CdtrAcct></RltdPties><RltdAgts><DbtrAgt><FinInstnId><BICFI>POFICHBEXXX</BICFI><Nm>POSTFINANCE AG</Nm><PstlAdr><AdrLine>MINGERSTRASSE 20</AdrLine><AdrLine>3030 BERN</AdrLine></PstlAdr></FinInstnId></DbtrAgt></RltdAgts><RmtInf><Strd><CdtrRefInf><Tp><CdOrPrtry><Prtry>QRR</Prtry></CdOrPrtry></Tp><Ref>000000000000000000000005577</Ref></CdtrRefInf><AddtlRmtInf>?REJECT?0</AddtlRmtInf><AddtlRmtInf>?ERROR?000</AddtlRmtInf><AddtlRmtInf>6858</AddtlRmtInf></Strd></RmtInf><RltdDts><AccptncDtTm>2022-10-07T20:00:00</AccptncDtTm></RltdDts></TxDtls><TxDtls><Refs><AcctSvcrRef>221008CH09BBBJTA</AcctSvcrRef><InstrId>20221007864002000100014</InstrId><Prtry><Tp>00</Tp><Ref>20221007864002000100014</Ref></Prtry></Refs><Amt Ccy="CHF">99.90</Amt><CdtDbtInd>CRDT</CdtDbtInd><BkTxCd><Domn><Cd>PMNT</Cd><Fmly><Cd>CNTR</Cd><SubFmlyCd>CDPT</SubFmlyCd></Fmly></Domn></BkTxCd><Chrgs><TtlChrgsAndTaxAmt Ccy="CHF">1.60</TtlChrgsAndTaxAmt><Rcrd><Amt Ccy="CHF">1.60</Amt><CdtDbtInd>DBIT</CdtDbtInd><ChrgInclInd>false</ChrgInclInd><Tp><Prtry><Id>2</Id></Prtry></Tp></Rcrd></Chrgs><RltdPties><Dbtr><Nm>Buzzi Giuseppe Giacomo</Nm><PstlAdr><StrtNm>Albisriederstrasse</StrtNm><BldgNb>86</BldgNb><PstCd>8003</PstCd><TwnNm>Zürich</TwnNm><Ctry>CH</Ctry></PstlAdr></Dbtr><DbtrAcct><Id><IBAN>CH9809000000871824294</IBAN></Id></DbtrAcct><UltmtDbtr><Nm>Giuseppe Buzzi</Nm><PstlAdr><StrtNm>Albisriederstrasse 86 8003 zh</StrtNm><BldgNb>86</BldgNb><PstCd>8003</PstCd><TwnNm>Zürich</TwnNm><Ctry>CH</Ctry></PstlAdr></UltmtDbtr><CdtrAcct><Id><IBAN>CH9530000002414939852</IBAN></Id></CdtrAcct></RltdPties><RltdAgts><DbtrAgt><FinInstnId><BICFI>POFICHBEXXX</BICFI><Nm>POSTFINANCE AG</Nm><PstlAdr><AdrLine>MINGERSTRASSE 20</AdrLine><AdrLine>3030 BERN</AdrLine></PstlAdr></FinInstnId></DbtrAgt></RltdAgts><RmtInf><Strd><CdtrRefInf><Tp><CdOrPrtry><Prtry>QRR</Prtry></CdOrPrtry></Tp><Ref>000000000000000000000005737</Ref></CdtrRefInf><AddtlRmtInf>?REJECT?0</AddtlRmtInf><AddtlRmtInf>?ERROR?000</AddtlRmtInf><AddtlRmtInf>6874</AddtlRmtInf></Strd></RmtInf><RltdDts><AccptncDtTm>2022-10-07T20:00:00</AccptncDtTm></RltdDts></TxDtls><TxDtls><Refs><AcctSvcrRef>221010CH09BJ63FH</AcctSvcrRef><InstrId>552144886/1XXXXX</InstrId><EndToEndId>NOTPROVIDED</EndToEndId><Prtry><Tp>00</Tp><Ref>20221010375204624731509</Ref></Prtry></Refs><Amt Ccy="CHF">44.30</Amt><CdtDbtInd>CRDT</CdtDbtInd><BkTxCd><Domn><Cd>PMNT</Cd><Fmly><Cd>RCDT</Cd><SubFmlyCd>ATXN</SubFmlyCd></Fmly></Domn></BkTxCd><RltdPties><Dbtr><Nm>Aline Westendorff</Nm><PstlAdr><AdrLine>Landstrasse 370 9495 Triesen</AdrLine><AdrLine>LIECHTENSTEIN</AdrLine></PstlAdr></Dbtr><DbtrAcct><Id><IBAN>LI8108800000019463242</IBAN></Id></DbtrAcct><CdtrAcct><Id><IBAN>CH9530000002414939852</IBAN></Id></CdtrAcct></RltdPties><RltdAgts><DbtrAgt><FinInstnId><ClrSysMmbId><MmbId>8800</MmbId></ClrSysMmbId><Nm>Liechtensteinische Landesbank Aktiengesellschaft</Nm><PstlAdr><AdrLine>Städtle 44</AdrLine><AdrLine>9490 Vaduz</AdrLine></PstlAdr></FinInstnId></DbtrAgt></RltdAgts><RmtInf><Strd><CdtrRefInf><Tp><CdOrPrtry><Prtry>QRR</Prtry></CdOrPrtry></Tp><Ref>000000000000000000000005207</Ref></CdtrRefInf><AddtlRmtInf>?REJECT?0</AddtlRmtInf><AddtlRmtInf>?ERROR?000</AddtlRmtInf><AddtlRmtInf>Clip Baum des Lebens</AddtlRmtInf></Strd></RmtInf><RltdDts><AccptncDtTm>2022-10-10T20:00:00</AccptncDtTm></RltdDts></TxDtls></NtryDtls><AddtlNtryInf>SAMMELGUTSCHRIFT FÜR KONTO: CH9530000002414939852 VERARBEITUNG VOM 10.10.2022 PAKET ID: 221010CH00000E5B</AddtlNtryInf></Ntry></Ntfctn></BkToCstmrDbtCdtNtfctn></Document>
