<?xml version="1.0" encoding="UTF-8"?>
<Document xmlns="urn:iso:std:iso:20022:tech:xsd:camt.053.001.04" xmlns:xsi="http://www.w3.org/2001/XMLSchema-instance" xsi:schemaLocation="urn:iso:std:iso:20022:tech:xsd:camt.053.001.04 camt.053.001.04.xsd"><BkToCstmrStmt><GrpHdr><MsgId>20220909375204924409395</MsgId><CreDtTm>2022-09-10T01:36:49</CreDtTm><MsgPgntn><PgNb>1</PgNb><LastPgInd>true</LastPgInd></MsgPgntn><AddtlInf>SPS/1.7/PROD</AddtlInf></GrpHdr><Stmt><Id>20220909375204924409403</Id><ElctrncSeqNb>177</ElctrncSeqNb><CreDtTm>2022-09-10T01:36:49</CreDtTm><FrToDt><FrDtTm>2022-09-09T00:00:00</FrDtTm><ToDtTm>2022-09-09T23:59:59</ToDtTm></FrToDt><Acct><Id><IBAN>CH9209000000414939852</IBAN></Id><Ownr><Nm>eversmart products Handels GmbH Pfäffikon SZ</Nm></Ownr></Acct><Bal><Tp><CdOrPrtry><Cd>OPBD</Cd></CdOrPrtry></Tp><Amt Ccy="CHF">86891.72</Amt><CdtDbtInd>CRDT</CdtDbtInd><Dt><Dt>2022-09-09</Dt></Dt></Bal><Bal><Tp><CdOrPrtry><Cd>CLBD</Cd></CdOrPrtry></Tp><Amt Ccy="CHF">96541.63</Amt><CdtDbtInd>CRDT</CdtDbtInd><Dt><Dt>2022-09-09</Dt></Dt></Bal><Bal><Tp><CdOrPrtry><Cd>CLAV</Cd></CdOrPrtry></Tp><Amt Ccy="CHF">96541.63</Amt><CdtDbtInd>CRDT</CdtDbtInd><Dt><Dt>2022-09-09</Dt></Dt></Bal><Ntry><Amt Ccy="CHF">3047.95</Amt><CdtDbtInd>DBIT</CdtDbtInd><RvslInd>false</RvslInd><Sts>BOOK</Sts><BookgDt><Dt>2022-09-09</Dt></BookgDt><ValDt><Dt>2022-09-09</Dt></ValDt><AcctSvcrRef>2522200091Z9F37K</AcctSvcrRef><BkTxCd><Domn><Cd>PMNT</Cd><Fmly><Cd>ICDT</Cd><SubFmlyCd>BOOK</SubFmlyCd></Fmly></Domn></BkTxCd><NtryDtls><TxDtls><Refs><AcctSvcrRef>25-638668935-1</AcctSvcrRef><PmtInfId>25:638668935</PmtInfId><InstrId>20220809000800663828251</InstrId></Refs><Amt Ccy="CHF">3047.95</Amt><CdtDbtInd>DBIT</CdtDbtInd><BkTxCd><Domn><Cd>PMNT</Cd><Fmly><Cd>ICDT</Cd><SubFmlyCd>BOOK</SubFmlyCd></Fmly></Domn></BkTxCd><RltdPties><Cdtr><Nm>Ausgleichskasse Schwyz</Nm><PstlAdr><Ctry>CH</Ctry><AdrLine>AHV/IV/EO Schwyz</AdrLine></PstlAdr></Cdtr><CdtrAcct><Id><IBAN>CH0230000002600077957</IBAN></Id></CdtrAcct></RltdPties><RltdAgts><CdtrAgt><FinInstnId><BICFI>POFICHBEXXX</BICFI><PstlAdr><Ctry>CH</Ctry></PstlAdr></FinInstnId></CdtrAgt></RltdAgts><RmtInf><Strd><CdtrRefInf><Tp><CdOrPrtry><Prtry>QRR</Prtry></CdOrPrtry></Tp><Ref>000101772523001001725490111</Ref></CdtrRefInf><AddtlRmtInf>AHV 08/22</AddtlRmtInf></Strd></RmtInf></TxDtls></NtryDtls><AddtlNtryInf>LASTSCHRIFT CH0230000002600077957 AUSGLEICHSKASSE SCHWYZ AHV/IV/EO SCHWYZ SENDER REFERENZ: AHV 08/22 20220809000800663828251</AddtlNtryInf></Ntry><Ntry><NtryRef>CH9209000000414939852</NtryRef><Amt Ccy="CHF">69.90</Amt><CdtDbtInd>CRDT</CdtDbtInd><RvslInd>false</RvslInd><Sts>BOOK</Sts><BookgDt><Dt>2022-09-09</Dt></BookgDt><ValDt><Dt>2022-09-09</Dt></ValDt><AcctSvcrRef>2522201096QTY3PK</AcctSvcrRef><BkTxCd><Domn><Cd>PMNT</Cd><Fmly><Cd>RCDT</Cd><SubFmlyCd>ATXN</SubFmlyCd></Fmly></Domn></BkTxCd><NtryDtls><Btch><NbOfTxs>1</NbOfTxs></Btch><TxDtls><Refs><AcctSvcrRef>220909CH096QTY3P</AcctSvcrRef><InstrId>1398237338/1XXXX</InstrId><EndToEndId>NOTPROVIDED</EndToEndId><Prtry><Tp>00</Tp><Ref>220909CH096QTY3P</Ref></Prtry></Refs><Amt Ccy="CHF">69.90</Amt><CdtDbtInd>CRDT</CdtDbtInd><BkTxCd><Domn><Cd>PMNT</Cd><Fmly><Cd>RCDT</Cd><SubFmlyCd>ATXN</SubFmlyCd></Fmly></Domn></BkTxCd><RltdPties><Dbtr><Nm>Sabina Luebke-Giuriola</Nm><PstlAdr><AdrLine>Udligenswilerstrasse 64</AdrLine><AdrLine>6043 Adligenswil</AdrLine></PstlAdr></Dbtr><DbtrAcct><Id><IBAN>CH3000778155276572002</IBAN></Id></DbtrAcct><CdtrAcct><Id><IBAN>CH9209000000414939852</IBAN></Id></CdtrAcct></RltdPties><RltdAgts><DbtrAgt><FinInstnId><ClrSysMmbId><MmbId>778</MmbId></ClrSysMmbId><Nm>Luzerner Kantonalbank AG</Nm><PstlAdr><AdrLine>Pilatusstrasse 12</AdrLine><AdrLine>6002 Luzern</AdrLine></PstlAdr></FinInstnId></DbtrAgt></RltdAgts><RmtInf><Ustrd>RG: RE-92757</Ustrd><Strd><AddtlRmtInf>?REJECT?0</AddtlRmtInf><AddtlRmtInf>?ERROR?000</AddtlRmtInf></Strd></RmtInf><RltdDts><AccptncDtTm>2022-09-09T20:00:00</AccptncDtTm></RltdDts></TxDtls></NtryDtls><AddtlNtryInf>GUTSCHRIFT AUFTRAGGEBER: SABINA LUEBKE-GIURIOLA UDLIGENSWILERSTRASSE 64 6043 ADLIGENSWIL MITTEILUNGEN: RG: RE-92757 REFERENZEN: NOTPROVIDED 1398237338/1XXXX 220909CH096QTY3P</AddtlNtryInf></Ntry><Ntry><NtryRef>CH9209000000414939852</NtryRef><Amt Ccy="CHF">1160.00</Amt><CdtDbtInd>CRDT</CdtDbtInd><RvslInd>false</RvslInd><Sts>BOOK</Sts><BookgDt><Dt>2022-09-09</Dt></BookgDt><ValDt><Dt>2022-09-09</Dt></ValDt><AcctSvcrRef>2522201095EWKHBK</AcctSvcrRef><BkTxCd><Domn><Cd>PMNT</Cd><Fmly><Cd>RCDT</Cd><SubFmlyCd>AUTT</SubFmlyCd></Fmly></Domn></BkTxCd><NtryDtls><Btch><NbOfTxs>1</NbOfTxs></Btch><TxDtls><Refs><AcctSvcrRef>220831CH095EWKHB</AcctSvcrRef><InstrId>20220831000800036677295</InstrId><Prtry><Tp>00</Tp><Ref>220831CH095EWKHB</Ref></Prtry></Refs><Amt Ccy="CHF">1160.00</Amt><CdtDbtInd>CRDT</CdtDbtInd><BkTxCd><Domn><Cd>PMNT</Cd><Fmly><Cd>RCDT</Cd><SubFmlyCd>AUTT</SubFmlyCd></Fmly></Domn></BkTxCd><RltdPties><Dbtr><Nm>Wiedmer, Christian</Nm><PstlAdr><StrtNm>Belpbergstrasse</StrtNm><BldgNb>30d</BldgNb><PstCd>3110</PstCd><TwnNm>Münsingen</TwnNm><Ctry>CH</Ctry></PstlAdr></Dbtr><DbtrAcct><Id><IBAN>CH4309000000606934580</IBAN></Id></DbtrAcct><CdtrAcct><Id><IBAN>CH9209000000414939852</IBAN></Id></CdtrAcct></RltdPties><RltdAgts><DbtrAgt><FinInstnId><BICFI>POFICHBEXXX</BICFI><Nm>POSTFINANCE AG</Nm><PstlAdr><AdrLine>MINGERSTRASSE , 20</AdrLine><AdrLine>3030 BERN</AdrLine></PstlAdr></FinInstnId></DbtrAgt></RltdAgts><RmtInf><Ustrd>RE-92101</Ustrd><Strd><AddtlRmtInf>?REJECT?0</AddtlRmtInf><AddtlRmtInf>?ERROR?000</AddtlRmtInf></Strd></RmtInf><RltdDts><AccptncDtTm>2022-09-09T20:00:00</AccptncDtTm></RltdDts></TxDtls></NtryDtls><AddtlNtryInf>GUTSCHRIFT CH4309000000606934580 ABSENDER: WIEDMER, CHRISTIAN BELPBERGSTRASSE 30D 3110 MÜNSINGEN MITTEILUNGEN: RE-92101</AddtlNtryInf></Ntry><Ntry><NtryRef>CH9209000000414939852</NtryRef><Amt Ccy="CHF">1936.00</Amt><CdtDbtInd>CRDT</CdtDbtInd><RvslInd>false</RvslInd><Sts>BOOK</Sts><BookgDt><Dt>2022-09-09</Dt></BookgDt><ValDt><Dt>2022-09-09</Dt></ValDt><AcctSvcrRef>2522201096R13OTK</AcctSvcrRef><BkTxCd><Domn><Cd>PMNT</Cd><Fmly><Cd>RCDT</Cd><SubFmlyCd>ATXN</SubFmlyCd></Fmly></Domn></BkTxCd><NtryDtls><Btch><NbOfTxs>1</NbOfTxs></Btch><TxDtls><Refs><AcctSvcrRef>220909CH096R13OT</AcctSvcrRef><InstrId>16880577773/6XXX</InstrId><EndToEndId>OLPAYMENTTAN.1.6035</EndToEndId><Prtry><Tp>00</Tp><Ref>220909CH096R13OT</Ref></Prtry></Refs><Amt Ccy="CHF">1936.00</Amt><CdtDbtInd>CRDT</CdtDbtInd><BkTxCd><Domn><Cd>PMNT</Cd><Fmly><Cd>RCDT</Cd><SubFmlyCd>ATXN</SubFmlyCd></Fmly></Domn></BkTxCd><RltdPties><Dbtr><Nm>Dr. Ihde Dental AG</Nm><PstlAdr><AdrLine>Dorfplatz 11</AdrLine><AdrLine>8737 Gommiswald</AdrLine></PstlAdr></Dbtr><DbtrAcct><Id><IBAN>CH1480808002916116672</IBAN></Id></DbtrAcct><CdtrAcct><Id><IBAN>CH9209000000414939852</IBAN></Id></CdtrAcct></RltdPties><RltdAgts><DbtrAgt><FinInstnId><ClrSysMmbId><MmbId>81256</MmbId></ClrSysMmbId><Nm>Raiffeisenbank Benken</Nm><PstlAdr><AdrLine>Zentrumplatz 1</AdrLine><AdrLine>8717 Benken SG</AdrLine></PstlAdr></FinInstnId></DbtrAgt></RltdAgts><RmtInf><Ustrd>KdNr K081196,25.08.22  RE-92165 1 9</Ustrd><Ustrd>36.00</Ustrd><Strd><AddtlRmtInf>?REJECT?0</AddtlRmtInf><AddtlRmtInf>?ERROR?000</AddtlRmtInf></Strd></RmtInf><RltdDts><AccptncDtTm>2022-09-09T20:00:00</AccptncDtTm></RltdDts></TxDtls></NtryDtls><AddtlNtryInf>GUTSCHRIFT AUFTRAGGEBER: DR. IHDE DENTAL AG DORFPLATZ 11 8737 GOMMISWALD MITTEILUNGEN: KDNR K081196,25.08.22  RE-92165 1 9 36.00 REFERENZEN: OLPAYMENTTAN.1.6035 16880577773/6XXX 220909CH096R13OT</AddtlNtryInf></Ntry><Ntry><NtryRef>CH9209000000414939852</NtryRef><Amt Ccy="CHF">129.00</Amt><CdtDbtInd>CRDT</CdtDbtInd><RvslInd>false</RvslInd><Sts>BOOK</Sts><BookgDt><Dt>2022-09-09</Dt></BookgDt><ValDt><Dt>2022-09-09</Dt></ValDt><AcctSvcrRef>2522201096RNPMLK</AcctSvcrRef><BkTxCd><Domn><Cd>PMNT</Cd><Fmly><Cd>RCDT</Cd><SubFmlyCd>ATXN</SubFmlyCd></Fmly></Domn></BkTxCd><NtryDtls><Btch><NbOfTxs>1</NbOfTxs></Btch><TxDtls><Refs><AcctSvcrRef>220909CH096RNPML</AcctSvcrRef><InstrId>9948251TO3278115</InstrId><EndToEndId>NOTPROVIDED</EndToEndId><Prtry><Tp>00</Tp><Ref>220909CH096RNPML</Ref></Prtry></Refs><Amt Ccy="CHF">129.00</Amt><CdtDbtInd>CRDT</CdtDbtInd><BkTxCd><Domn><Cd>PMNT</Cd><Fmly><Cd>RCDT</Cd><SubFmlyCd>ATXN</SubFmlyCd></Fmly></Domn></BkTxCd><RltdPties><Dbtr><Nm>BRUNNER PRAXIS FUER ZAHNMEDIZIN AG</Nm><PstlAdr><AdrLine>SEIDENHOFSTRASSE 10 CH 6003 LUZERN</AdrLine></PstlAdr></Dbtr><DbtrAcct><Id><IBAN>CH740024824811153901U</IBAN></Id></DbtrAcct><CdtrAcct><Id><IBAN>CH9209000000414939852</IBAN></Id></CdtrAcct></RltdPties><RltdAgts><DbtrAgt><FinInstnId><ClrSysMmbId><MmbId>248</MmbId></ClrSysMmbId><Nm>UBS Switzerland AG</Nm><PstlAdr><AdrLine>Bahnhofplatz 2</AdrLine><AdrLine>6002 Luzern</AdrLine></PstlAdr></FinInstnId></DbtrAgt></RltdAgts><RmtInf><Strd><AddtlRmtInf>?REJECT?0</AddtlRmtInf><AddtlRmtInf>?ERROR?000</AddtlRmtInf></Strd></RmtInf><RltdDts><AccptncDtTm>2022-09-09T20:00:00</AccptncDtTm></RltdDts></TxDtls></NtryDtls><AddtlNtryInf>GUTSCHRIFT AUFTRAGGEBER: BRUNNER PRAXIS FUER ZAHNMEDIZIN AG SEIDENHOFSTRASSE 10 CH 6003 LUZERN SPESENBETRAG 0.00 CHF SHA REFERENZEN: NOTPROVIDED 9948251TO3278115 220909CH096RNPML</AddtlNtryInf></Ntry><Ntry><NtryRef>CH9209000000414939852</NtryRef><Amt Ccy="CHF">5050.32</Amt><CdtDbtInd>CRDT</CdtDbtInd><RvslInd>false</RvslInd><Sts>BOOK</Sts><BookgDt><Dt>2022-09-09</Dt></BookgDt><ValDt><Dt>2022-09-09</Dt></ValDt><AcctSvcrRef>2522200096L7ANNK</AcctSvcrRef><BkTxCd><Domn><Cd>PMNT</Cd><Fmly><Cd>RCDT</Cd><SubFmlyCd>AUTT</SubFmlyCd></Fmly></Domn></BkTxCd><NtryDtls><Btch><NbOfTxs>1</NbOfTxs></Btch><TxDtls><Refs><MsgId>TWINT20220907-101-Merchant</MsgId><AcctSvcrRef>220908CH096L7ANN</AcctSvcrRef><PmtInfId>TWINT20220907-101-Merchant-B1</PmtInfId><InstrId>b383e05762894b6c90b071132a6ec8d7</InstrId><EndToEndId>TWINT20220907-101-Merchant-B1</EndToEndId><Prtry><Tp>00</Tp><Ref>220908CH096L7ANN</Ref></Prtry></Refs><Amt Ccy="CHF">5050.32</Amt><CdtDbtInd>CRDT</CdtDbtInd><BkTxCd><Domn><Cd>PMNT</Cd><Fmly><Cd>RCDT</Cd><SubFmlyCd>AUTT</SubFmlyCd></Fmly></Domn></BkTxCd><RltdPties><Dbtr><Nm>TWINT Acquiring AG</Nm><PstlAdr><StrtNm>Stauffacherstrasse</StrtNm><BldgNb>41</BldgNb><PstCd>8004</PstCd><TwnNm>Zürich</TwnNm><Ctry>CH</Ctry></PstlAdr></Dbtr><DbtrAcct><Id><IBAN>CH6609000000313087410</IBAN></Id></DbtrAcct><CdtrAcct><Id><IBAN>CH9209000000414939852</IBAN></Id></CdtrAcct></RltdPties><RltdAgts><DbtrAgt><FinInstnId><BICFI>POFICHBEXXX</BICFI><Nm>POSTFINANCE AG</Nm><PstlAdr><AdrLine>MINGERSTRASSE , 20</AdrLine><AdrLine>3030 BERN</AdrLine></PstlAdr></FinInstnId></DbtrAgt></RltdAgts><RmtInf><Ustrd>999999 TWINT TWINT Auszahlungen Pay</Ustrd><Ustrd>out 20220908                       </Ustrd><Ustrd>   Gross: 5116.87 Fees: -66.55</Ustrd><Strd><AddtlRmtInf>?REJECT?0</AddtlRmtInf><AddtlRmtInf>?ERROR?000</AddtlRmtInf></Strd></RmtInf><RltdDts><AccptncDtTm>2022-09-09T20:00:00</AccptncDtTm></RltdDts></TxDtls></NtryDtls><AddtlNtryInf>GUTSCHRIFT CH6609000000313087410 ABSENDER: TWINT ACQUIRING AG STAUFFACHERSTRASSE 41 8004 ZÜRICH MITTEILUNGEN: 999999 TWINT TWINT AUSZAHLUNGEN PAY OUT 20220908                           GROSS: 5116.87 FEES: -66.55 REFERENZEN: TWINT20220907-101-MERCHANT-B1</AddtlNtryInf></Ntry><Ntry><NtryRef>CH9209000000414939852</NtryRef><Amt Ccy="CHF">1608.18</Amt><CdtDbtInd>CRDT</CdtDbtInd><RvslInd>false</RvslInd><Sts>BOOK</Sts><BookgDt><Dt>2022-09-09</Dt></BookgDt><ValDt><Dt>2022-09-09</Dt></ValDt><AcctSvcrRef>2522201096T5K3LK</AcctSvcrRef><BkTxCd><Domn><Cd>PMNT</Cd><Fmly><Cd>RCDT</Cd><SubFmlyCd>ATXN</SubFmlyCd></Fmly></Domn></BkTxCd><NtryDtls><Btch><NbOfTxs>1</NbOfTxs></Btch><TxDtls><Refs><AcctSvcrRef>220909CH096T5K3L</AcctSvcrRef><InstrId>LON03247434694</InstrId><EndToEndId>NOTPROVIDED</EndToEndId><Prtry><Tp>00</Tp><Ref>220909CH096T5K3L</Ref></Prtry></Refs><Amt Ccy="CHF">1608.18</Amt><CdtDbtInd>CRDT</CdtDbtInd><BkTxCd><Domn><Cd>PMNT</Cd><Fmly><Cd>RCDT</Cd><SubFmlyCd>ATXN</SubFmlyCd></Fmly></Domn></BkTxCd><RltdPties><Dbtr><Nm>STRIPE PAYMENTS UK LTD</Nm><PstlAdr><AdrLine>9TH FLOOR, 107 CHEAPSIDE GB - LONDO</AdrLine><AdrLine>N EC2V 6DN</AdrLine></PstlAdr></Dbtr><DbtrAcct><Id><IBAN>DK6289000000010375</IBAN></Id></DbtrAcct><CdtrAcct><Id><IBAN>CH9209000000414939852</IBAN></Id></CdtrAcct></RltdPties><RltdAgts><DbtrAgt><FinInstnId><BICFI>CITIGB2LXXX</BICFI><Nm>CITIBANK N.A.</Nm><PstlAdr><AdrLine>CITIBANK CENTRE25 CANADA SQUARE</AdrLine><AdrLine>E14 5LB LONDON</AdrLine></PstlAdr></FinInstnId></DbtrAgt></RltdAgts><RmtInf><Ustrd>STRIPE W6Q7Z1</Ustrd><Strd><AddtlRmtInf>?REJECT?0</AddtlRmtInf><AddtlRmtInf>?ERROR?000</AddtlRmtInf></Strd></RmtInf><RltdDts><AccptncDtTm>2022-09-09T20:00:00</AccptncDtTm></RltdDts></TxDtls></NtryDtls><AddtlNtryInf>GUTSCHRIFT AUFTRAGGEBER: STRIPE PAYMENTS UK LTD 9TH FLOOR, 107 CHEAPSIDE GB - LONDO N EC2V 6DN MITTEILUNGEN: STRIPE W6Q7Z1 SPESENBETRAG 0.00 CHF SHA REFERENZEN: NOTPROVIDED LON03247434694 220909CH096T5K3L</AddtlNtryInf></Ntry><Ntry><Amt Ccy="CHF">7233.50</Amt><CdtDbtInd>DBIT</CdtDbtInd><RvslInd>false</RvslInd><Sts>BOOK</Sts><BookgDt><Dt>2022-09-09</Dt></BookgDt><ValDt><Dt>2022-09-09</Dt></ValDt><AcctSvcrRef>2522200096OGMBRK</AcctSvcrRef><BkTxCd><Domn><Cd>PMNT</Cd><Fmly><Cd>ICDT</Cd><SubFmlyCd>XBCT</SubFmlyCd></Fmly></Domn></BkTxCd><NtryDtls><TxDtls><Refs><AcctSvcrRef>25-656536217-1</AcctSvcrRef><PmtInfId>25:656536217</PmtInfId><InstrId>20220908000800177741954</InstrId></Refs><Amt Ccy="CHF">7233.50</Amt><CdtDbtInd>DBIT</CdtDbtInd><AmtDtls><InstdAmt><Amt Ccy="USD">7400.00</Amt><CcyXchg><SrcCcy>USD</SrcCcy><XchgRate>0.9775</XchgRate></CcyXchg></InstdAmt></AmtDtls><BkTxCd><Domn><Cd>PMNT</Cd><Fmly><Cd>ICDT</Cd><SubFmlyCd>XBCT</SubFmlyCd></Fmly></Domn></BkTxCd><RltdPties><Cdtr><Nm>NEAT OK CROSS BORDER (HK) LIMITED</Nm><PstlAdr><StrtNm>No. 36 Building, ChenTian Industry Park, Baoan District, Shenzhen</StrtNm><BldgNb>36</BldgNb><PstCd>518102</PstCd><TwnNm>Guangdong</TwnNm><Ctry>HK</Ctry></PstlAdr></Cdtr><CdtrAcct><Id><Othr><Id>478798136821</Id></Othr></Id></CdtrAcct></RltdPties><RltdAgts><CdtrAgt><FinInstnId><BICFI>DHBKHKHHXXX</BICFI><Nm>DBS BANK (HONG KONG) LIMITED</Nm><PstlAdr><Ctry>HK</Ctry><AdrLine>QUEEN'S ROAD, 99THE CENTERGROUND FL  CENTRAL</AdrLine></PstlAdr></FinInstnId></CdtrAgt></RltdAgts><RmtInf><Ustrd>LF202208315512</Ustrd><Strd><AddtlRmtInf>Fiebercheck</AddtlRmtInf></Strd></RmtInf></TxDtls></NtryDtls><AddtlNtryInf>GIRO INTERNATIONAL USD 7'400.00 ZUM KURS VON 0.9775 DBS BANK (HONG KONG) LIMITED QUEEN'S ROAD, 99THE CENTERGROUND FL  CENTRAL 478798136821 NEAT OK CROSS BORDER (HK) LIMITED NO. 36 BUILDING, CHENTIAN INDUST 36 518102 GUANGDONG SENDER REFERENZ: FIEBERCHECK 20220908000800177741954</AddtlNtryInf></Ntry><Ntry><NtryRef>CH9209000000414939852</NtryRef><Amt Ccy="CHF">1176.00</Amt><CdtDbtInd>CRDT</CdtDbtInd><RvslInd>false</RvslInd><Sts>BOOK</Sts><BookgDt><Dt>2022-09-09</Dt></BookgDt><ValDt><Dt>2022-09-09</Dt></ValDt><AcctSvcrRef>2522201096U59IAK</AcctSvcrRef><BkTxCd><Domn><Cd>PMNT</Cd><Fmly><Cd>RCDT</Cd><SubFmlyCd>ATXN</SubFmlyCd></Fmly></Domn></BkTxCd><NtryDtls><Btch><NbOfTxs>1</NbOfTxs></Btch><TxDtls><Refs><AcctSvcrRef>220909CH096U59IA</AcctSvcrRef><InstrId>16882020305/6XXX</InstrId><EndToEndId>NOTPROVIDED</EndToEndId><Prtry><Tp>00</Tp><Ref>220909CH096U59IA</Ref></Prtry></Refs><Amt Ccy="CHF">1176.00</Amt><CdtDbtInd>CRDT</CdtDbtInd><BkTxCd><Domn><Cd>PMNT</Cd><Fmly><Cd>RCDT</Cd><SubFmlyCd>ATXN</SubFmlyCd></Fmly></Domn></BkTxCd><RltdPties><Dbtr><Nm>1415 GmbH</Nm><PstlAdr><AdrLine>Widenweg 5</AdrLine><AdrLine>5400 Baden</AdrLine></PstlAdr></Dbtr><DbtrAcct><Id><IBAN>CH0980808006153800513</IBAN></Id></DbtrAcct><CdtrAcct><Id><IBAN>CH9209000000414939852</IBAN></Id></CdtrAcct></RltdPties><RltdAgts><DbtrAgt><FinInstnId><ClrSysMmbId><MmbId>81481</MmbId></ClrSysMmbId><Nm>Raiffeisenbank rechter Zürichsee</Nm><PstlAdr><AdrLine>Bahnhofstrasse 20</AdrLine><AdrLine>8708 Männedorf</AdrLine></PstlAdr></FinInstnId></DbtrAgt></RltdAgts><RmtInf><Ustrd>RE-92693</Ustrd><Strd><AddtlRmtInf>?REJECT?0</AddtlRmtInf><AddtlRmtInf>?ERROR?000</AddtlRmtInf></Strd></RmtInf><RltdDts><AccptncDtTm>2022-09-09T20:00:00</AccptncDtTm></RltdDts></TxDtls></NtryDtls><AddtlNtryInf>GUTSCHRIFT AUFTRAGGEBER: 1415 GMBH WIDENWEG 5 5400 BADEN MITTEILUNGEN: RE-92693 REFERENZEN: NOTPROVIDED 16882020305/6XXX 220909CH096U59IA</AddtlNtryInf></Ntry><Ntry><Amt Ccy="CHF">1290.90</Amt><CdtDbtInd>DBIT</CdtDbtInd><RvslInd>false</RvslInd><Sts>BOOK</Sts><BookgDt><Dt>2022-09-09</Dt></BookgDt><ValDt><Dt>2022-09-09</Dt></ValDt><AcctSvcrRef>2522200096RYUCMK</AcctSvcrRef><BkTxCd><Domn><Cd>PMNT</Cd><Fmly><Cd>ICDT</Cd><SubFmlyCd>DMCT</SubFmlyCd></Fmly></Domn></BkTxCd><NtryDtls><TxDtls><Refs><AcctSvcrRef>25-656797248-1</AcctSvcrRef><PmtInfId>25:656797248</PmtInfId><InstrId>20220909000800186796344</InstrId></Refs><Amt Ccy="CHF">1290.90</Amt><CdtDbtInd>DBIT</CdtDbtInd><BkTxCd><Domn><Cd>PMNT</Cd><Fmly><Cd>ICDT</Cd><SubFmlyCd>DMCT</SubFmlyCd></Fmly></Domn></BkTxCd><RltdPties><Cdtr><Nm>BonAssistus Pensionskasse Cl. 230</Nm><PstlAdr><Ctry>CH</Ctry><AdrLine>Industriestrasse 25 8604 Volketswil</AdrLine></PstlAdr></Cdtr><CdtrAcct><Id><IBAN>CH6100230230P02283160</IBAN></Id></CdtrAcct></RltdPties><RltdAgts><CdtrAgt><FinInstnId><BICFI>UBSWCHZH80A</BICFI><Nm>UBS Switzerland AG</Nm><PstlAdr><Ctry>CH</Ctry><AdrLine>Bahnhofstrasse 45 8098 Zürich</AdrLine></PstlAdr></FinInstnId></CdtrAgt></RltdAgts><RmtInf><Ustrd>Pensionskasse März 2022 eversmart p</Ustrd><Ustrd>roducts Handels GmbH</Ustrd><Strd><AddtlRmtInf>Pensionskassenbeiträge März 2022</AddtlRmtInf></Strd></RmtInf></TxDtls></NtryDtls><AddtlNtryInf>LASTSCHRIFT UBS SWITZERLAND AG BAHNHOFSTRASSE 45 8098 ZÜRICH CH6100230230P02283160 BONASSISTUS PENSIONSKASSE CL. 230 INDUSTRIESTRASSE 25 8604 VOLKETSWIL SENDER REFERENZ: PENSIONSKASSENBEITRÄGE MÄRZ 2022 20220909000800186796344</AddtlNtryInf></Ntry><Ntry><Amt Ccy="CHF">1290.90</Amt><CdtDbtInd>DBIT</CdtDbtInd><RvslInd>false</RvslInd><Sts>BOOK</Sts><BookgDt><Dt>2022-09-09</Dt></BookgDt><ValDt><Dt>2022-09-09</Dt></ValDt><AcctSvcrRef>2522200096S1E7WK</AcctSvcrRef><BkTxCd><Domn><Cd>PMNT</Cd><Fmly><Cd>ICDT</Cd><SubFmlyCd>DMCT</SubFmlyCd></Fmly></Domn></BkTxCd><NtryDtls><TxDtls><Refs><AcctSvcrRef>25-656796839-1</AcctSvcrRef><PmtInfId>25:656796839</PmtInfId></Refs><Amt Ccy="CHF">1290.90</Amt><CdtDbtInd>DBIT</CdtDbtInd><BkTxCd><Domn><Cd>PMNT</Cd><Fmly><Cd>ICDT</Cd><SubFmlyCd>DMCT</SubFmlyCd></Fmly></Domn></BkTxCd><RltdPties><Cdtr><Nm>BonAssistus Pensionskasse Cl. 230</Nm><PstlAdr><Ctry>CH</Ctry><AdrLine>Industriestrasse 25 8604 Volketswil</AdrLine></PstlAdr></Cdtr><CdtrAcct><Id><IBAN>CH6100230230P02283160</IBAN></Id></CdtrAcct></RltdPties><RltdAgts><CdtrAgt><FinInstnId><BICFI>UBSWCHZH80A</BICFI><Nm>UBS Switzerland AG</Nm><PstlAdr><Ctry>CH</Ctry><AdrLine>Bahnhofstrasse 45 8098 Zürich</AdrLine></PstlAdr></FinInstnId></CdtrAgt></RltdAgts><RmtInf><Ustrd>Pensionskasse Februar 2022 eversmar</Ustrd><Ustrd>t products Handels GmbH,</Ustrd><Strd><AddtlRmtInf>Pensionskassenbeiträge Februar 2022</AddtlRmtInf></Strd></RmtInf></TxDtls></NtryDtls><AddtlNtryInf>LASTSCHRIFT UBS SWITZERLAND AG BAHNHOFSTRASSE 45 8098 ZÜRICH CH6100230230P02283160 BONASSISTUS PENSIONSKASSE CL. 230 INDUSTRIESTRASSE 25 8604 VOLKETSWIL SENDER REFERENZ: PENSIONSKASSENBEITRÄGE FEBRUAR 2022</AddtlNtryInf></Ntry><Ntry><Amt Ccy="CHF">32.00</Amt><CdtDbtInd>DBIT</CdtDbtInd><RvslInd>false</RvslInd><Sts>BOOK</Sts><BookgDt><Dt>2022-09-09</Dt></BookgDt><ValDt><Dt>2022-09-09</Dt></ValDt><AcctSvcrRef>2522200096S9A0FK</AcctSvcrRef><BkTxCd><Domn><Cd>PMNT</Cd><Fmly><Cd>ICDT</Cd><SubFmlyCd>BOOK</SubFmlyCd></Fmly></Domn></BkTxCd><NtryDtls><TxDtls><Refs><AcctSvcrRef>25-656798163-1</AcctSvcrRef><PmtInfId>25:656798163</PmtInfId><InstrId>20220909000800186831173</InstrId></Refs><Amt Ccy="CHF">32.00</Amt><CdtDbtInd>DBIT</CdtDbtInd><BkTxCd><Domn><Cd>PMNT</Cd><Fmly><Cd>ICDT</Cd><SubFmlyCd>BOOK</SubFmlyCd></Fmly></Domn></BkTxCd><RltdPties><Cdtr><Nm>Post CH AG</Nm><PstlAdr><Ctry>CH</Ctry><AdrLine>Bern</AdrLine></PstlAdr></Cdtr><CdtrAcct><Id><IBAN>CH0830000001304878268</IBAN></Id></CdtrAcct></RltdPties><RltdAgts><CdtrAgt><FinInstnId><BICFI>POFICHBEXXX</BICFI><PstlAdr><Ctry>CH</Ctry></PstlAdr></FinInstnId></CdtrAgt></RltdAgts><RmtInf><Strd><CdtrRefInf><Tp><CdOrPrtry><Prtry>QRR</Prtry></CdOrPrtry></Tp><Ref>000000234053792123078093404</Ref></CdtrRefInf><AddtlRmtInf>RE 2307809340</AddtlRmtInf></Strd></RmtInf></TxDtls></NtryDtls><AddtlNtryInf>LASTSCHRIFT CH0830000001304878268 POST CH AG BERN SENDER REFERENZ: RE 2307809340 20220909000800186831173</AddtlNtryInf></Ntry><Ntry><NtryRef>CH4330000001414939852</NtryRef><Amt Ccy="CHF">11415.76</Amt><CdtDbtInd>CRDT</CdtDbtInd><RvslInd>false</RvslInd><Sts>BOOK</Sts><BookgDt><Dt>2022-09-09</Dt></BookgDt><ValDt><Dt>2022-09-09</Dt></ValDt><AcctSvcrRef>2522200096WRIH0U</AcctSvcrRef><BkTxCd><Domn><Cd>PMNT</Cd><Fmly><Cd>RCDT</Cd><SubFmlyCd>VCOM</SubFmlyCd></Fmly></Domn></BkTxCd><Chrgs><TtlChrgsAndTaxAmt Ccy="CHF">1.60</TtlChrgsAndTaxAmt><Rcrd><Amt Ccy="CHF">1.60</Amt><CdtDbtInd>DBIT</CdtDbtInd><ChrgInclInd>false</ChrgInclInd><Tp><Prtry><Id>2</Id></Prtry></Tp></Rcrd></Chrgs><NtryDtls><TxDtls><Refs><AcctSvcrRef>2522200096WRIH0U</AcctSvcrRef></Refs><Amt Ccy="CHF">11415.76</Amt><CdtDbtInd>CRDT</CdtDbtInd></TxDtls></NtryDtls><AddtlNtryInf>SAMMELGUTSCHRIFT FÜR KONTO: CH4330000001414939852 VERARBEITUNG VOM 09.09.2022 PAKET ID: 220909CH000007WL</AddtlNtryInf></Ntry></Stmt></BkToCstmrStmt></Document>
