<?xml version="1.0" encoding="UTF-8"?>
<Document xmlns="urn:iso:std:iso:20022:tech:xsd:camt.054.001.04" xmlns:xsi="http://www.w3.org/2001/XMLSchema-instance" xsi:schemaLocation="urn:iso:std:iso:20022:tech:xsd:camt.054.001.04 camt.054.001.04.xsd"><BkToCstmrDbtCdtNtfctn><GrpHdr><MsgId>20221108375204971924279</MsgId><CreDtTm>2022-11-08T23:37:17</CreDtTm><MsgPgntn><PgNb>1</PgNb><LastPgInd>true</LastPgInd></MsgPgntn><AddtlInf>SPS/1.7/PROD</AddtlInf></GrpHdr><Ntfctn><Id>20221108375204971924282</Id><CreDtTm>2022-11-08T23:37:17</CreDtTm><FrToDt><FrDtTm>2022-11-08T00:00:00</FrDtTm><ToDtTm>2022-11-08T23:59:59</ToDtTm></FrToDt><RptgSrc><Prtry>OTHR</Prtry></RptgSrc><Acct><Id><IBAN>CH9209000000414939852</IBAN></Id><Ownr><Nm>eversmart products Handels GmbH Pfäffikon SZ</Nm></Ownr></Acct><Ntry><NtryRef>CH9530000002414939852</NtryRef><Amt Ccy="CHF">199.80</Amt><CdtDbtInd>CRDT</CdtDbtInd><RvslInd>false</RvslInd><Sts>BOOK</Sts><BookgDt><Dt>2022-11-08</Dt></BookgDt><ValDt><Dt>2022-11-08</Dt></ValDt><AcctSvcrRef>312220009G1B4SZU</AcctSvcrRef><BkTxCd><Domn><Cd>PMNT</Cd><Fmly><Cd>RCDT</Cd><SubFmlyCd>VCOM</SubFmlyCd></Fmly></Domn></BkTxCd><NtryDtls><Btch><NbOfTxs>2</NbOfTxs></Btch><TxDtls><Refs><AcctSvcrRef>221108CH09FVFLWX</AcctSvcrRef><InstrId>17033325660/6XXX</InstrId><EndToEndId>NOTPROVIDED</EndToEndId><Prtry><Tp>00</Tp><Ref>20221108375204659713366</Ref></Prtry></Refs><Amt Ccy="CHF">99.90</Amt><CdtDbtInd>CRDT</CdtDbtInd><BkTxCd><Domn><Cd>PMNT</Cd><Fmly><Cd>RCDT</Cd><SubFmlyCd>ATXN</SubFmlyCd></Fmly></Domn></BkTxCd><RltdPties><Dbtr><Nm>Benno Bucher</Nm><PstlAdr><AdrLine>Huettlenen 19</AdrLine><AdrLine>6173 Fluehli LU</AdrLine></PstlAdr></Dbtr><DbtrAcct><Id><IBAN>CH8980808005377150046</IBAN></Id></DbtrAcct><UltmtDbtr><Nm>Manuela Bucher</Nm><PstlAdr><AdrLine>Huttlenen 19</AdrLine><AdrLine>6173 Fluhli LU</AdrLine></PstlAdr></UltmtDbtr><CdtrAcct><Id><IBAN>CH9530000002414939852</IBAN></Id></CdtrAcct></RltdPties><RltdAgts><DbtrAgt><FinInstnId><ClrSysMmbId><MmbId>81179</MmbId></ClrSysMmbId><Nm>Raiffeisenbank im Entlebuch</Nm><PstlAdr><AdrLine>Hauptstrasse 113</AdrLine><AdrLine>6182 Escholzmatt</AdrLine></PstlAdr></FinInstnId></DbtrAgt></RltdAgts><RmtInf><Strd><CdtrRefInf><Tp><CdOrPrtry><Prtry>QRR</Prtry></CdOrPrtry></Tp><Ref>000000000000000000000006523</Ref></CdtrRefInf><AddtlRmtInf>?REJECT?0</AddtlRmtInf><AddtlRmtInf>?ERROR?000</AddtlRmtInf><AddtlRmtInf>6977</AddtlRmtInf></Strd></RmtInf><RltdDts><AccptncDtTm>2022-11-08T20:00:00</AccptncDtTm></RltdDts></TxDtls><TxDtls><Refs><AcctSvcrRef>221108CH09FVR7KE</AcctSvcrRef><InstrId>1295081589/1XXXX</InstrId><EndToEndId>NOTPROVIDED</EndToEndId><Prtry><Tp>00</Tp><Ref>20221108375204659902162</Ref></Prtry></Refs><Amt Ccy="CHF">99.90</Amt><CdtDbtInd>CRDT</CdtDbtInd><BkTxCd><Domn><Cd>PMNT</Cd><Fmly><Cd>RCDT</Cd><SubFmlyCd>ATXN</SubFmlyCd></Fmly></Domn></BkTxCd><RltdPties><Dbtr><Nm>Nicole Mathys</Nm><PstlAdr><AdrLine>Amriswilerstrasse 97</AdrLine><AdrLine>CH-8590 Romanshorn</AdrLine></PstlAdr></Dbtr><DbtrAcct><Id><IBAN>CH3000781015534800506</IBAN></Id></DbtrAcct><UltmtDbtr><Nm>NICOLE MATHYS</Nm><PstlAdr><StrtNm>AMRISWILERSTRASSE</StrtNm><BldgNb>97</BldgNb><PstCd>8590</PstCd><TwnNm>ROMANSHORN</TwnNm></PstlAdr></UltmtDbtr><CdtrAcct><Id><IBAN>CH9530000002414939852</IBAN></Id></CdtrAcct></RltdPties><RltdAgts><DbtrAgt><FinInstnId><ClrSysMmbId><MmbId>781</MmbId></ClrSysMmbId><Nm>St. Galler Kantonalbank AG</Nm><PstlAdr><AdrLine>9001 St. Gallen</AdrLine></PstlAdr></FinInstnId></DbtrAgt></RltdAgts><RmtInf><Strd><CdtrRefInf><Tp><CdOrPrtry><Prtry>QRR</Prtry></CdOrPrtry></Tp><Ref>000000000000000000000006149</Ref></CdtrRefInf><AddtlRmtInf>?REJECT?0</AddtlRmtInf><AddtlRmtInf>?ERROR?000</AddtlRmtInf><AddtlRmtInf>6936</AddtlRmtInf></Strd></RmtInf><RltdDts><AccptncDtTm>2022-11-08T20:00:00</AccptncDtTm></RltdDts></TxDtls></NtryDtls><AddtlNtryInf>SAMMELGUTSCHRIFT FÜR KONTO: CH9530000002414939852 VERARBEITUNG VOM 08.11.2022 PAKET ID: 221108CH00000DFA</AddtlNtryInf></Ntry></Ntfctn></BkToCstmrDbtCdtNtfctn></Document>
