<?xml version="1.0" encoding="UTF-8"?>
<Document xmlns="urn:iso:std:iso:20022:tech:xsd:camt.054.001.04" xmlns:xsi="http://www.w3.org/2001/XMLSchema-instance" xsi:schemaLocation="urn:iso:std:iso:20022:tech:xsd:camt.054.001.04 camt.054.001.04.xsd"><BkToCstmrDbtCdtNtfctn><GrpHdr><MsgId>20221031375204961261443</MsgId><CreDtTm>2022-10-31T23:48:04</CreDtTm><MsgPgntn><PgNb>1</PgNb><LastPgInd>true</LastPgInd></MsgPgntn><AddtlInf>SPS/1.7/PROD</AddtlInf></GrpHdr><Ntfctn><Id>20221031375204961261450</Id><CreDtTm>2022-10-31T23:48:04</CreDtTm><FrToDt><FrDtTm>2022-10-29T00:00:00</FrDtTm><ToDtTm>2022-10-31T23:59:59</ToDtTm></FrToDt><RptgSrc><Prtry>OTHR</Prtry></RptgSrc><Acct><Id><IBAN>CH9209000000414939852</IBAN></Id><Ownr><Nm>eversmart products Handels GmbH Pfäffikon SZ</Nm></Ownr></Acct><Ntry><NtryRef>CH9530000002414939852</NtryRef><Amt Ccy="CHF">399.50</Amt><CdtDbtInd>CRDT</CdtDbtInd><RvslInd>false</RvslInd><Sts>BOOK</Sts><BookgDt><Dt>2022-10-31</Dt></BookgDt><ValDt><Dt>2022-10-31</Dt></ValDt><AcctSvcrRef>304220009EQNLZBU</AcctSvcrRef><BkTxCd><Domn><Cd>PMNT</Cd><Fmly><Cd>RCDT</Cd><SubFmlyCd>VCOM</SubFmlyCd></Fmly></Domn></BkTxCd><NtryDtls><Btch><NbOfTxs>4</NbOfTxs></Btch><TxDtls><Refs><AcctSvcrRef>221029CH09ECGJNZ</AcctSvcrRef><InstrId>20221029000800069013155</InstrId><Prtry><Tp>00</Tp><Ref>20221031375204646033123</Ref></Prtry></Refs><Amt Ccy="CHF">149.80</Amt><CdtDbtInd>CRDT</CdtDbtInd><BkTxCd><Domn><Cd>PMNT</Cd><Fmly><Cd>RCDT</Cd><SubFmlyCd>AUTT</SubFmlyCd></Fmly></Domn></BkTxCd><RltdPties><Dbtr><Nm>Andric, Ana</Nm><PstlAdr><StrtNm>Kastanienrain</StrtNm><BldgNb>4B</BldgNb><PstCd>6440</PstCd><TwnNm>Brunnen</TwnNm><Ctry>CH</Ctry></PstlAdr></Dbtr><DbtrAcct><Id><IBAN>CH8609000000876296113</IBAN></Id></DbtrAcct><UltmtDbtr><Nm>Ana Andric</Nm><PstlAdr><StrtNm>Kastanienrain 4b</StrtNm><PstCd>6440</PstCd><TwnNm>Brunnen</TwnNm><Ctry>CH</Ctry></PstlAdr></UltmtDbtr><CdtrAcct><Id><IBAN>CH9530000002414939852</IBAN></Id></CdtrAcct></RltdPties><RltdAgts><DbtrAgt><FinInstnId><BICFI>POFICHBEXXX</BICFI><Nm>POSTFINANCE AG</Nm><PstlAdr><AdrLine>MINGERSTRASSE 20</AdrLine><AdrLine>3030 BERN</AdrLine></PstlAdr></FinInstnId></DbtrAgt></RltdAgts><RmtInf><Strd><CdtrRefInf><Tp><CdOrPrtry><Prtry>QRR</Prtry></CdOrPrtry></Tp><Ref>000000000000000000000005800</Ref></CdtrRefInf><AddtlRmtInf>?REJECT?0</AddtlRmtInf><AddtlRmtInf>?ERROR?000</AddtlRmtInf><AddtlRmtInf>6880</AddtlRmtInf></Strd></RmtInf><RltdDts><AccptncDtTm>2022-10-31T20:00:00</AccptncDtTm></RltdDts></TxDtls><TxDtls><Refs><AcctSvcrRef>221031CH09EJ9K32</AcctSvcrRef><InstrId>21028491534.0006</InstrId><EndToEndId>NOTPROVIDED</EndToEndId><Prtry><Tp>00</Tp><Ref>20221031375204647570309</Ref></Prtry></Refs><Amt Ccy="CHF">99.90</Amt><CdtDbtInd>CRDT</CdtDbtInd><BkTxCd><Domn><Cd>PMNT</Cd><Fmly><Cd>RCDT</Cd><SubFmlyCd>ATXN</SubFmlyCd></Fmly></Domn></BkTxCd><RltdPties><Dbtr><Nm>Marie-Luise Gallo-Clavadetscher</Nm><PstlAdr><AdrLine>Schwelli 10</AdrLine><AdrLine>7231 Pragg-Jenaz</AdrLine></PstlAdr></Dbtr><DbtrAcct><Id><IBAN>CH8900774110128840700</IBAN></Id></DbtrAcct><UltmtDbtr><Nm>MAYA GALLO</Nm><PstlAdr><AdrLine>SCHWELLI 10</AdrLine><AdrLine>7231 PRAGG-JENAZ</AdrLine></PstlAdr></UltmtDbtr><CdtrAcct><Id><IBAN>CH9530000002414939852</IBAN></Id></CdtrAcct></RltdPties><RltdAgts><DbtrAgt><FinInstnId><ClrSysMmbId><MmbId>774</MmbId></ClrSysMmbId><Nm>Graubündner Kantonalbank</Nm><PstlAdr><AdrLine>7001 Chur</AdrLine></PstlAdr></FinInstnId></DbtrAgt></RltdAgts><RmtInf><Strd><CdtrRefInf><Tp><CdOrPrtry><Prtry>QRR</Prtry></CdOrPrtry></Tp><Ref>000000000000000000000006213</Ref></CdtrRefInf><AddtlRmtInf>?REJECT?0</AddtlRmtInf><AddtlRmtInf>?ERROR?000</AddtlRmtInf><AddtlRmtInf>6941</AddtlRmtInf></Strd></RmtInf><RltdDts><AccptncDtTm>2022-10-31T20:00:00</AccptncDtTm></RltdDts></TxDtls><TxDtls><Refs><AcctSvcrRef>221031CH09EKIDKP</AcctSvcrRef><InstrId>2000092080/1XXXX</InstrId><EndToEndId>NOTPROVIDED</EndToEndId><Prtry><Tp>00</Tp><Ref>20221031375204648661109</Ref></Prtry></Refs><Amt Ccy="CHF">49.90</Amt><CdtDbtInd>CRDT</CdtDbtInd><BkTxCd><Domn><Cd>PMNT</Cd><Fmly><Cd>RCDT</Cd><SubFmlyCd>ATXN</SubFmlyCd></Fmly></Domn></BkTxCd><RltdPties><Dbtr><Nm>H.J. u/o K. Blaser-Schock</Nm><PstlAdr><AdrLine>Hoehenweg</AdrLine><AdrLine>CH-8564 Sonterswil</AdrLine></PstlAdr></Dbtr><DbtrAcct><Id><IBAN>CH3700784102001752008</IBAN></Id></DbtrAcct><UltmtDbtr><Nm>Hans-Jorg Blaser</Nm><PstlAdr><AdrLine>Hohenweg 1</AdrLine><AdrLine>8564 Sonterswil</AdrLine></PstlAdr></UltmtDbtr><CdtrAcct><Id><IBAN>CH9530000002414939852</IBAN></Id></CdtrAcct></RltdPties><RltdAgts><DbtrAgt><FinInstnId><ClrSysMmbId><MmbId>784</MmbId></ClrSysMmbId><Nm>Thurgauer Kantonalbank</Nm><PstlAdr><AdrLine>8570 Weinfelden</AdrLine></PstlAdr></FinInstnId></DbtrAgt></RltdAgts><RmtInf><Strd><CdtrRefInf><Tp><CdOrPrtry><Prtry>QRR</Prtry></CdOrPrtry></Tp><Ref>000000000000000000000006284</Ref></CdtrRefInf><AddtlRmtInf>?REJECT?0</AddtlRmtInf><AddtlRmtInf>?ERROR?000</AddtlRmtInf><AddtlRmtInf>6945</AddtlRmtInf></Strd></RmtInf><RltdDts><AccptncDtTm>2022-10-31T20:00:00</AccptncDtTm></RltdDts></TxDtls><TxDtls><Refs><AcctSvcrRef>221031CH09ENX5DL</AcctSvcrRef><InstrId>21029254308.0001</InstrId><EndToEndId>NOTPROVIDED</EndToEndId><Prtry><Tp>00</Tp><Ref>20221031375204650032766</Ref></Prtry></Refs><Amt Ccy="CHF">99.90</Amt><CdtDbtInd>CRDT</CdtDbtInd><BkTxCd><Domn><Cd>PMNT</Cd><Fmly><Cd>RCDT</Cd><SubFmlyCd>ATXN</SubFmlyCd></Fmly></Domn></BkTxCd><RltdPties><Dbtr><Nm>Di Bacco Donatella</Nm><PstlAdr><StrtNm>Buehlwiesenstrasse</StrtNm><BldgNb>4</BldgNb><PstCd>8600</PstCd><TwnNm>Duebendorf</TwnNm><Ctry>CH</Ctry></PstlAdr></Dbtr><DbtrAcct><Id><IBAN>CH7008401000054611512</IBAN></Id></DbtrAcct><UltmtDbtr><Nm>Donatella Di Bacco</Nm><PstlAdr><StrtNm>Buehlwiesenstrasse 4</StrtNm><BldgNb>4</BldgNb><PstCd>8600</PstCd><TwnNm>Duebendorf</TwnNm><Ctry>CH</Ctry></PstlAdr></UltmtDbtr><CdtrAcct><Id><IBAN>CH9530000002414939852</IBAN></Id></CdtrAcct></RltdPties><RltdAgts><DbtrAgt><FinInstnId><ClrSysMmbId><MmbId>8401</MmbId></ClrSysMmbId><Nm>Migros Bank AG</Nm><PstlAdr><AdrLine>8010 Zürich</AdrLine></PstlAdr></FinInstnId></DbtrAgt></RltdAgts><RmtInf><Strd><CdtrRefInf><Tp><CdOrPrtry><Prtry>QRR</Prtry></CdOrPrtry></Tp><Ref>000000000000000000000006016</Ref></CdtrRefInf><AddtlRmtInf>?REJECT?0</AddtlRmtInf><AddtlRmtInf>?ERROR?000</AddtlRmtInf><AddtlRmtInf>6902</AddtlRmtInf></Strd></RmtInf><RltdDts><AccptncDtTm>2022-10-31T20:00:00</AccptncDtTm></RltdDts></TxDtls></NtryDtls><AddtlNtryInf>SAMMELGUTSCHRIFT FÜR KONTO: CH9530000002414939852 VERARBEITUNG VOM 31.10.2022 PAKET ID: 221031CH00000FVJ</AddtlNtryInf></Ntry></Ntfctn></BkToCstmrDbtCdtNtfctn></Document>
