<?xml version="1.0" encoding="UTF-8"?>
<Document xmlns="urn:iso:std:iso:20022:tech:xsd:camt.053.001.04" xmlns:xsi="http://www.w3.org/2001/XMLSchema-instance" xsi:schemaLocation="urn:iso:std:iso:20022:tech:xsd:camt.053.001.04 camt.053.001.04.xsd"><BkToCstmrStmt><GrpHdr><MsgId>20221101375204967117698</MsgId><CreDtTm>2022-11-02T01:34:21</CreDtTm><MsgPgntn><PgNb>1</PgNb><LastPgInd>true</LastPgInd></MsgPgntn><AddtlInf>SPS/1.7/PROD</AddtlInf></GrpHdr><Stmt><Id>20221101375204967117730</Id><ElctrncSeqNb>214</ElctrncSeqNb><CreDtTm>2022-11-02T01:34:21</CreDtTm><FrToDt><FrDtTm>2022-11-01T00:00:00</FrDtTm><ToDtTm>2022-11-01T23:59:59</ToDtTm></FrToDt><Acct><Id><IBAN>CH9209000000414939852</IBAN></Id><Ownr><Nm>eversmart products Handels GmbH Pfäffikon SZ</Nm></Ownr></Acct><Bal><Tp><CdOrPrtry><Cd>OPBD</Cd></CdOrPrtry></Tp><Amt Ccy="CHF">25520.19</Amt><CdtDbtInd>CRDT</CdtDbtInd><Dt><Dt>2022-11-01</Dt></Dt></Bal><Bal><Tp><CdOrPrtry><Cd>CLBD</Cd></CdOrPrtry></Tp><Amt Ccy="CHF">27181.82</Amt><CdtDbtInd>CRDT</CdtDbtInd><Dt><Dt>2022-11-01</Dt></Dt></Bal><Bal><Tp><CdOrPrtry><Cd>CLAV</Cd></CdOrPrtry></Tp><Amt Ccy="CHF">27181.82</Amt><CdtDbtInd>CRDT</CdtDbtInd><Dt><Dt>2022-11-01</Dt></Dt></Bal><Ntry><NtryRef>CH9209000000414939852</NtryRef><Amt Ccy="CHF">21.40</Amt><CdtDbtInd>CRDT</CdtDbtInd><RvslInd>false</RvslInd><Sts>BOOK</Sts><BookgDt><Dt>2022-11-01</Dt></BookgDt><ValDt><Dt>2022-11-01</Dt></ValDt><AcctSvcrRef>305220109ERP4XBK</AcctSvcrRef><BkTxCd><Domn><Cd>PMNT</Cd><Fmly><Cd>RCDT</Cd><SubFmlyCd>ATXN</SubFmlyCd></Fmly></Domn></BkTxCd><NtryDtls><Btch><NbOfTxs>1</NbOfTxs></Btch><TxDtls><Refs><AcctSvcrRef>221101CH09ERP4XB</AcctSvcrRef><InstrId>904967632/1XXXXX</InstrId><EndToEndId>NOTPROVIDED</EndToEndId><Prtry><Tp>00</Tp><Ref>221101CH09ERP4XB</Ref></Prtry></Refs><Amt Ccy="CHF">21.40</Amt><CdtDbtInd>CRDT</CdtDbtInd><BkTxCd><Domn><Cd>PMNT</Cd><Fmly><Cd>RCDT</Cd><SubFmlyCd>ATXN</SubFmlyCd></Fmly></Domn></BkTxCd><RltdPties><Dbtr><Nm>Satu Eliisa Baumann Murugan</Nm><PstlAdr><AdrLine>Koloniestrasse 8</AdrLine><AdrLine>CH-8310 Grafstal</AdrLine></PstlAdr></Dbtr><DbtrAcct><Id><IBAN>CH8200769016214104362</IBAN></Id></DbtrAcct><CdtrAcct><Id><IBAN>CH9209000000414939852</IBAN></Id></CdtrAcct></RltdPties><RltdAgts><DbtrAgt><FinInstnId><ClrSysMmbId><MmbId>769</MmbId></ClrSysMmbId><Nm>Basellandschaftliche Kantonalbank</Nm><PstlAdr><AdrLine>4410 Liestal</AdrLine></PstlAdr></FinInstnId></DbtrAgt></RltdAgts><RmtInf><Ustrd>Nr. RE-94679</Ustrd><Strd><AddtlRmtInf>?REJECT?0</AddtlRmtInf><AddtlRmtInf>?ERROR?000</AddtlRmtInf></Strd></RmtInf><RltdDts><AccptncDtTm>2022-11-01T20:00:00</AccptncDtTm></RltdDts></TxDtls></NtryDtls><AddtlNtryInf>GUTSCHRIFT AUFTRAGGEBER: SATU ELIISA BAUMANN MURUGAN KOLONIESTRASSE 8 CH-8310 GRAFSTAL MITTEILUNGEN: NR. RE-94679 REFERENZEN: NOTPROVIDED 904967632/1XXXXX 221101CH09ERP4XB</AddtlNtryInf></Ntry><Ntry><NtryRef>CH9209000000414939852</NtryRef><Amt Ccy="CHF">3014.60</Amt><CdtDbtInd>CRDT</CdtDbtInd><RvslInd>false</RvslInd><Sts>BOOK</Sts><BookgDt><Dt>2022-11-01</Dt></BookgDt><ValDt><Dt>2022-11-01</Dt></ValDt><AcctSvcrRef>305220009EEVQRQK</AcctSvcrRef><BkTxCd><Domn><Cd>PMNT</Cd><Fmly><Cd>RCDT</Cd><SubFmlyCd>AUTT</SubFmlyCd></Fmly></Domn></BkTxCd><NtryDtls><Btch><NbOfTxs>1</NbOfTxs></Btch><TxDtls><Refs><MsgId>TWINT20221028-101-Merchant</MsgId><AcctSvcrRef>221029CH09EEVQRQ</AcctSvcrRef><PmtInfId>TWINT20221028-101-Merchant-B1</PmtInfId><InstrId>a5427c10fcb24b078c6fed5b9f7371a0</InstrId><EndToEndId>TWINT20221028-101-Merchant-B1</EndToEndId><Prtry><Tp>00</Tp><Ref>221029CH09EEVQRQ</Ref></Prtry></Refs><Amt Ccy="CHF">3014.60</Amt><CdtDbtInd>CRDT</CdtDbtInd><BkTxCd><Domn><Cd>PMNT</Cd><Fmly><Cd>RCDT</Cd><SubFmlyCd>AUTT</SubFmlyCd></Fmly></Domn></BkTxCd><RltdPties><Dbtr><Nm>TWINT Acquiring AG</Nm><PstlAdr><StrtNm>Stauffacherstrasse</StrtNm><BldgNb>41</BldgNb><PstCd>8004</PstCd><TwnNm>Zürich</TwnNm><Ctry>CH</Ctry></PstlAdr></Dbtr><DbtrAcct><Id><IBAN>CH6609000000313087410</IBAN></Id></DbtrAcct><CdtrAcct><Id><IBAN>CH9209000000414939852</IBAN></Id></CdtrAcct></RltdPties><RltdAgts><DbtrAgt><FinInstnId><BICFI>POFICHBEXXX</BICFI><Nm>POSTFINANCE AG</Nm><PstlAdr><AdrLine>MINGERSTRASSE 20</AdrLine><AdrLine>3030 BERN</AdrLine></PstlAdr></FinInstnId></DbtrAgt></RltdAgts><RmtInf><Ustrd>999999 TWINT TWINT Auszahlungen Pay</Ustrd><Ustrd>out 20221029                       </Ustrd><Ustrd>   Gross: 3055.50 Fees: -40.90</Ustrd><Strd><AddtlRmtInf>?REJECT?0</AddtlRmtInf><AddtlRmtInf>?ERROR?000</AddtlRmtInf></Strd></RmtInf><RltdDts><AccptncDtTm>2022-10-31T20:00:00</AccptncDtTm></RltdDts></TxDtls></NtryDtls><AddtlNtryInf>GUTSCHRIFT CH6609000000313087410 ABSENDER: TWINT ACQUIRING AG STAUFFACHERSTRASSE 41 8004 ZÜRICH MITTEILUNGEN: 999999 TWINT TWINT AUSZAHLUNGEN PAY OUT 20221029                           GROSS: 3055.50 FEES: -40.90 REFERENZEN: TWINT20221028-101-MERCHANT-B1</AddtlNtryInf></Ntry><Ntry><Amt Ccy="CHF">1191.50</Amt><CdtDbtInd>DBIT</CdtDbtInd><RvslInd>false</RvslInd><Sts>BOOK</Sts><BookgDt><Dt>2022-11-01</Dt></BookgDt><ValDt><Dt>2022-11-01</Dt></ValDt><AcctSvcrRef>305220009ER6DE1K</AcctSvcrRef><BkTxCd><Domn><Cd>PMNT</Cd><Fmly><Cd>ICDT</Cd><SubFmlyCd>DMCT</SubFmlyCd></Fmly></Domn></BkTxCd><NtryDtls><TxDtls><Refs><MsgId>25:688769248</MsgId><AcctSvcrRef>25-688769248-1</AcctSvcrRef><PmtInfId>SO:13558188</PmtInfId></Refs><Amt Ccy="CHF">1191.50</Amt><CdtDbtInd>DBIT</CdtDbtInd><BkTxCd><Domn><Cd>PMNT</Cd><Fmly><Cd>ICDT</Cd><SubFmlyCd>DMCT</SubFmlyCd></Fmly></Domn></BkTxCd><RltdPties><Cdtr><Nm>BMW Finanzdiestleistungen (Schweiz) AG</Nm><PstlAdr><Ctry>CH</Ctry></PstlAdr></Cdtr><CdtrAcct><Id><IBAN>CH6430211000001080689</IBAN></Id></CdtrAcct></RltdPties><RltdAgts><CdtrAgt><FinInstnId><BICFI>BBRUCHGTXXX</BICFI><Nm>ING Bank N.V., Amsterdam,succursale de Lancy/Genè</Nm><PstlAdr><Ctry>CH</Ctry><AdrLine>Avenue de Morgines 10 1213 Petit-Lancy</AdrLine></PstlAdr></FinInstnId></CdtrAgt></RltdAgts><RmtInf><Strd><CdtrRefInf><Tp><CdOrPrtry><Prtry>QRR</Prtry></CdOrPrtry></Tp><Ref>130780500150040424300000018</Ref></CdtrRefInf><AddtlRmtInf>Taycan Leasing</AddtlRmtInf></Strd></RmtInf></TxDtls></NtryDtls><AddtlNtryInf>LASTSCHRIFT DAUERAUFTRAG: 90-13558188 ING BANK N.V., AMSTERDAM, SUCCURSALE DE LANCY/GENÈ AVENUE DE MORGINES 10 1213 PETIT-LANCY CH6430211000001080689 BMW FINANZDIESTLEISTUNGEN (SCHWEIZ)  AG SENDER REFERENZ: TAYCAN LEASING</AddtlNtryInf></Ntry><Ntry><NtryRef>CH9209000000414939852</NtryRef><Amt Ccy="CHF">2782.95</Amt><CdtDbtInd>CRDT</CdtDbtInd><RvslInd>false</RvslInd><Sts>BOOK</Sts><BookgDt><Dt>2022-11-01</Dt></BookgDt><ValDt><Dt>2022-11-01</Dt></ValDt><AcctSvcrRef>305220009EFTZSWK</AcctSvcrRef><BkTxCd><Domn><Cd>PMNT</Cd><Fmly><Cd>RCDT</Cd><SubFmlyCd>AUTT</SubFmlyCd></Fmly></Domn></BkTxCd><NtryDtls><Btch><NbOfTxs>1</NbOfTxs></Btch><TxDtls><Refs><MsgId>TWINT20221029-101-Merchant</MsgId><AcctSvcrRef>221030CH09EFTZSW</AcctSvcrRef><PmtInfId>TWINT20221029-101-Merchant-B1</PmtInfId><InstrId>6c4e5714b5fb47fe807e4cf81ed1cfd8</InstrId><EndToEndId>TWINT20221029-101-Merchant-B1</EndToEndId><Prtry><Tp>00</Tp><Ref>221030CH09EFTZSW</Ref></Prtry></Refs><Amt Ccy="CHF">2782.95</Amt><CdtDbtInd>CRDT</CdtDbtInd><BkTxCd><Domn><Cd>PMNT</Cd><Fmly><Cd>RCDT</Cd><SubFmlyCd>AUTT</SubFmlyCd></Fmly></Domn></BkTxCd><RltdPties><Dbtr><Nm>TWINT Acquiring AG</Nm><PstlAdr><StrtNm>Stauffacherstrasse</StrtNm><BldgNb>41</BldgNb><PstCd>8004</PstCd><TwnNm>Zürich</TwnNm><Ctry>CH</Ctry></PstlAdr></Dbtr><DbtrAcct><Id><IBAN>CH6609000000313087410</IBAN></Id></DbtrAcct><CdtrAcct><Id><IBAN>CH9209000000414939852</IBAN></Id></CdtrAcct></RltdPties><RltdAgts><DbtrAgt><FinInstnId><BICFI>POFICHBEXXX</BICFI><Nm>POSTFINANCE AG</Nm><PstlAdr><AdrLine>MINGERSTRASSE 20</AdrLine><AdrLine>3030 BERN</AdrLine></PstlAdr></FinInstnId></DbtrAgt></RltdAgts><RmtInf><Ustrd>999999 TWINT TWINT Auszahlungen Pay</Ustrd><Ustrd>out 20221030                       </Ustrd><Ustrd>   Gross: 2819.60 Fees: -36.65</Ustrd><Strd><AddtlRmtInf>?REJECT?0</AddtlRmtInf><AddtlRmtInf>?ERROR?000</AddtlRmtInf></Strd></RmtInf><RltdDts><AccptncDtTm>2022-10-31T20:00:00</AccptncDtTm></RltdDts></TxDtls></NtryDtls><AddtlNtryInf>GUTSCHRIFT CH6609000000313087410 ABSENDER: TWINT ACQUIRING AG STAUFFACHERSTRASSE 41 8004 ZÜRICH MITTEILUNGEN: 999999 TWINT TWINT AUSZAHLUNGEN PAY OUT 20221030                           GROSS: 2819.60 FEES: -36.65 REFERENZEN: TWINT20221029-101-MERCHANT-B1</AddtlNtryInf></Ntry><Ntry><Amt Ccy="CHF">10000.00</Amt><CdtDbtInd>DBIT</CdtDbtInd><RvslInd>false</RvslInd><Sts>BOOK</Sts><BookgDt><Dt>2022-11-01</Dt></BookgDt><ValDt><Dt>2022-11-01</Dt></ValDt><AcctSvcrRef>305220009EX0Z2FK</AcctSvcrRef><BkTxCd><Domn><Cd>PMNT</Cd><Fmly><Cd>ICDT</Cd><SubFmlyCd>DMCT</SubFmlyCd></Fmly></Domn></BkTxCd><Chrgs><TtlChrgsAndTaxAmt Ccy="CHF">5.00</TtlChrgsAndTaxAmt><Rcrd><Amt Ccy="CHF">5.00</Amt><CdtDbtInd>DBIT</CdtDbtInd><ChrgInclInd>false</ChrgInclInd><Tp><Prtry><Id>20</Id></Prtry></Tp></Rcrd></Chrgs><NtryDtls><TxDtls><Refs><AcctSvcrRef>25-689179399-1</AcctSvcrRef><PmtInfId>25:689179399</PmtInfId><InstrId>20221101000800133192133</InstrId></Refs><Amt Ccy="CHF">10000.00</Amt><CdtDbtInd>DBIT</CdtDbtInd><BkTxCd><Domn><Cd>PMNT</Cd><Fmly><Cd>ICDT</Cd><SubFmlyCd>DMCT</SubFmlyCd></Fmly></Domn></BkTxCd><RltdPties><Cdtr><Nm>Cornèr Banca SA, Lugano</Nm><PstlAdr><Ctry>CH</Ctry></PstlAdr></Cdtr><CdtrAcct><Id><IBAN>CH6408490900130065656</IBAN></Id></CdtrAcct></RltdPties><RltdAgts><CdtrAgt><FinInstnId><BICFI>CBLUCH22XXX</BICFI><Nm>Cornèr Banca SA</Nm><PstlAdr><Ctry>CH</Ctry><AdrLine>Via Canova 16 6901 Lugano</AdrLine></PstlAdr></FinInstnId></CdtrAgt></RltdAgts><RmtInf><Ustrd>eversmart prodcuts Handels GmbH</Ustrd><Strd><AddtlRmtInf>Kreditkarten Abgleich Cornercard</AddtlRmtInf></Strd></RmtInf></TxDtls></NtryDtls><AddtlNtryInf>EXPRESS LASTSCHRIFT CORNÈR BANCA SA VIA CANOVA 16 6901 LUGANO CH6408490900130065656 CORNÈR BANCA SA, LUGANO SENDER REFERENZ: KREDITKARTEN ABGLEICH CORNERCARD 20221101000800133192133</AddtlNtryInf></Ntry><Ntry><NtryRef>CH9209000000414939852</NtryRef><Amt Ccy="CHF">3095.87</Amt><CdtDbtInd>CRDT</CdtDbtInd><RvslInd>false</RvslInd><Sts>BOOK</Sts><BookgDt><Dt>2022-11-01</Dt></BookgDt><ValDt><Dt>2022-11-01</Dt></ValDt><AcctSvcrRef>305220009EK2HCVK</AcctSvcrRef><BkTxCd><Domn><Cd>PMNT</Cd><Fmly><Cd>RCDT</Cd><SubFmlyCd>AUTT</SubFmlyCd></Fmly></Domn></BkTxCd><NtryDtls><Btch><NbOfTxs>1</NbOfTxs></Btch><TxDtls><Refs><MsgId>TWINT20221030-101-Merchant</MsgId><AcctSvcrRef>221031CH09EK2HCV</AcctSvcrRef><PmtInfId>TWINT20221030-101-Merchant-B1</PmtInfId><InstrId>f513cb4ffe76445b9118784d75b747e2</InstrId><EndToEndId>TWINT20221030-101-Merchant-B1</EndToEndId><Prtry><Tp>00</Tp><Ref>221031CH09EK2HCV</Ref></Prtry></Refs><Amt Ccy="CHF">3095.87</Amt><CdtDbtInd>CRDT</CdtDbtInd><BkTxCd><Domn><Cd>PMNT</Cd><Fmly><Cd>RCDT</Cd><SubFmlyCd>AUTT</SubFmlyCd></Fmly></Domn></BkTxCd><RltdPties><Dbtr><Nm>TWINT Acquiring AG</Nm><PstlAdr><StrtNm>Stauffacherstrasse</StrtNm><BldgNb>41</BldgNb><PstCd>8004</PstCd><TwnNm>Zürich</TwnNm><Ctry>CH</Ctry></PstlAdr></Dbtr><DbtrAcct><Id><IBAN>CH6609000000313087410</IBAN></Id></DbtrAcct><CdtrAcct><Id><IBAN>CH9209000000414939852</IBAN></Id></CdtrAcct></RltdPties><RltdAgts><DbtrAgt><FinInstnId><BICFI>POFICHBEXXX</BICFI><Nm>POSTFINANCE AG</Nm><PstlAdr><AdrLine>MINGERSTRASSE 20</AdrLine><AdrLine>3030 BERN</AdrLine></PstlAdr></FinInstnId></DbtrAgt></RltdAgts><RmtInf><Ustrd>999999 TWINT TWINT Auszahlungen Pay</Ustrd><Ustrd>out 20221031                       </Ustrd><Ustrd>   Gross: 3136.66 Fees: -40.79</Ustrd><Strd><AddtlRmtInf>?REJECT?0</AddtlRmtInf><AddtlRmtInf>?ERROR?000</AddtlRmtInf></Strd></RmtInf><RltdDts><AccptncDtTm>2022-11-01T20:00:00</AccptncDtTm></RltdDts></TxDtls></NtryDtls><AddtlNtryInf>GUTSCHRIFT CH6609000000313087410 ABSENDER: TWINT ACQUIRING AG STAUFFACHERSTRASSE 41 8004 ZÜRICH MITTEILUNGEN: 999999 TWINT TWINT AUSZAHLUNGEN PAY OUT 20221031                           GROSS: 3136.66 FEES: -40.79 REFERENZEN: TWINT20221030-101-MERCHANT-B1</AddtlNtryInf></Ntry><Ntry><NtryRef>CH4330000001414939852</NtryRef><Amt Ccy="CHF">4033.02</Amt><CdtDbtInd>CRDT</CdtDbtInd><RvslInd>false</RvslInd><Sts>BOOK</Sts><BookgDt><Dt>2022-11-01</Dt></BookgDt><ValDt><Dt>2022-11-01</Dt></ValDt><AcctSvcrRef>305220009EZBK9QU</AcctSvcrRef><BkTxCd><Domn><Cd>PMNT</Cd><Fmly><Cd>RCDT</Cd><SubFmlyCd>VCOM</SubFmlyCd></Fmly></Domn></BkTxCd><Chrgs><TtlChrgsAndTaxAmt Ccy="CHF">7.15</TtlChrgsAndTaxAmt><Rcrd><Amt Ccy="CHF">7.15</Amt><CdtDbtInd>DBIT</CdtDbtInd><ChrgInclInd>false</ChrgInclInd><Tp><Prtry><Id>2</Id></Prtry></Tp></Rcrd></Chrgs><NtryDtls><TxDtls><Refs><AcctSvcrRef>305220009EZBK9QU</AcctSvcrRef></Refs><Amt Ccy="CHF">4033.02</Amt><CdtDbtInd>CRDT</CdtDbtInd></TxDtls></NtryDtls><AddtlNtryInf>SAMMELGUTSCHRIFT FÜR KONTO: CH4330000001414939852 VERARBEITUNG VOM 01.11.2022 PAKET ID: 221101CH000008JG</AddtlNtryInf></Ntry><Ntry><Amt Ccy="CHF">1.94</Amt><CdtDbtInd>DBIT</CdtDbtInd><RvslInd>false</RvslInd><Sts>BOOK</Sts><BookgDt><Dt>2022-11-01</Dt></BookgDt><ValDt><Dt>2022-11-01</Dt></ValDt><AcctSvcrRef>3052400302095881</AcctSvcrRef><BkTxCd><Domn><Cd>PMNT</Cd><Fmly><Cd>CCRD</Cd><SubFmlyCd>CHRG</SubFmlyCd></Fmly></Domn></BkTxCd><NtryDtls><TxDtls><Refs><AcctSvcrRef>3052400302095881</AcctSvcrRef></Refs><Amt Ccy="CHF">1.94</Amt><CdtDbtInd>DBIT</CdtDbtInd></TxDtls></NtryDtls><AddtlNtryInf>PREIS FÜR E-PAYMENT POSTFINANCE CARD AB CHF 25.01 (EUR 17.01) RELAXONIC.CH ANZAHL TRANSAKTIONEN: 1 UMSATZ CHF 149.00 OKTOBER 2022</AddtlNtryInf></Ntry><Ntry><Amt Ccy="CHF">0.78</Amt><CdtDbtInd>DBIT</CdtDbtInd><RvslInd>false</RvslInd><Sts>BOOK</Sts><BookgDt><Dt>2022-11-01</Dt></BookgDt><ValDt><Dt>2022-11-01</Dt></ValDt><AcctSvcrRef>3052400302095941</AcctSvcrRef><BkTxCd><Domn><Cd>PMNT</Cd><Fmly><Cd>CCRD</Cd><SubFmlyCd>CHRG</SubFmlyCd></Fmly></Domn></BkTxCd><NtryDtls><TxDtls><Refs><AcctSvcrRef>3052400302095941</AcctSvcrRef></Refs><Amt Ccy="CHF">0.78</Amt><CdtDbtInd>DBIT</CdtDbtInd></TxDtls></NtryDtls><AddtlNtryInf>PREIS FÜR E-PAYMENT POSTFINANCE CARD AB CHF 25.01 (EUR 17.01) WWW.DER-FUSSEXPERTE.CH ANZAHL TRANSAKTIONEN: 1 UMSATZ CHF 59.90 OKTOBER 2022</AddtlNtryInf></Ntry><Ntry><Amt Ccy="CHF">1.69</Amt><CdtDbtInd>DBIT</CdtDbtInd><RvslInd>false</RvslInd><Sts>BOOK</Sts><BookgDt><Dt>2022-11-01</Dt></BookgDt><ValDt><Dt>2022-11-01</Dt></ValDt><AcctSvcrRef>3052400302101684</AcctSvcrRef><BkTxCd><Domn><Cd>PMNT</Cd><Fmly><Cd>CCRD</Cd><SubFmlyCd>CHRG</SubFmlyCd></Fmly></Domn></BkTxCd><NtryDtls><TxDtls><Refs><AcctSvcrRef>3052400302101684</AcctSvcrRef></Refs><Amt Ccy="CHF">1.69</Amt><CdtDbtInd>DBIT</CdtDbtInd></TxDtls></NtryDtls><AddtlNtryInf>PREIS FÜR E-PAYMENT POSTFINANCE CARD AB CHF 25.01 (EUR 17.01) WWW.SCHNARCHSCHIENE-RONCHUS.CH ANZAHL TRANSAKTIONEN: 1 UMSATZ CHF 129.90 OKTOBER 2022</AddtlNtryInf></Ntry><Ntry><Amt Ccy="CHF">2.59</Amt><CdtDbtInd>DBIT</CdtDbtInd><RvslInd>false</RvslInd><Sts>BOOK</Sts><BookgDt><Dt>2022-11-01</Dt></BookgDt><ValDt><Dt>2022-11-01</Dt></ValDt><AcctSvcrRef>3052400302114785</AcctSvcrRef><BkTxCd><Domn><Cd>PMNT</Cd><Fmly><Cd>CCRD</Cd><SubFmlyCd>CHRG</SubFmlyCd></Fmly></Domn></BkTxCd><NtryDtls><TxDtls><Refs><AcctSvcrRef>3052400302114785</AcctSvcrRef></Refs><Amt Ccy="CHF">2.59</Amt><CdtDbtInd>DBIT</CdtDbtInd></TxDtls></NtryDtls><AddtlNtryInf>PREIS FÜR E-PAYMENT POSTFINANCE CARD AB CHF 25.01 (EUR 17.01) HTTPS://MASSAGE-PISTOLE-SHOP.CH ANZAHL TRANSAKTIONEN: 1 UMSATZ CHF 199.00 OKTOBER 2022</AddtlNtryInf></Ntry><Ntry><Amt Ccy="CHF">1.04</Amt><CdtDbtInd>DBIT</CdtDbtInd><RvslInd>false</RvslInd><Sts>BOOK</Sts><BookgDt><Dt>2022-11-01</Dt></BookgDt><ValDt><Dt>2022-11-01</Dt></ValDt><AcctSvcrRef>3052400302115893</AcctSvcrRef><BkTxCd><Domn><Cd>PMNT</Cd><Fmly><Cd>CCRD</Cd><SubFmlyCd>CHRG</SubFmlyCd></Fmly></Domn></BkTxCd><NtryDtls><TxDtls><Refs><AcctSvcrRef>3052400302115893</AcctSvcrRef></Refs><Amt Ccy="CHF">1.04</Amt><CdtDbtInd>DBIT</CdtDbtInd></TxDtls></NtryDtls><AddtlNtryInf>PREIS FÜR E-PAYMENT POSTFINANCE E-FINANCE AB CHF 25.01 (EUR 17.01) HTTPS://VALGUSMED.CH/ ANZAHL TRANSAKTIONEN: 1 UMSATZ CHF 79.90 OKTOBER 2022</AddtlNtryInf></Ntry><Ntry><Amt Ccy="CHF">10.39</Amt><CdtDbtInd>DBIT</CdtDbtInd><RvslInd>false</RvslInd><Sts>BOOK</Sts><BookgDt><Dt>2022-11-01</Dt></BookgDt><ValDt><Dt>2022-11-01</Dt></ValDt><AcctSvcrRef>3052400302101423</AcctSvcrRef><BkTxCd><Domn><Cd>PMNT</Cd><Fmly><Cd>CCRD</Cd><SubFmlyCd>CHRG</SubFmlyCd></Fmly></Domn></BkTxCd><NtryDtls><TxDtls><Refs><AcctSvcrRef>3052400302101423</AcctSvcrRef></Refs><Amt Ccy="CHF">10.39</Amt><CdtDbtInd>DBIT</CdtDbtInd></TxDtls></NtryDtls><AddtlNtryInf>PREIS FÜR E-PAYMENT POSTFINANCE E-FINANCE AB CHF 25.01 (EUR 17.01) WWW.MEIN-STEHTISCH.CH ANZAHL TRANSAKTIONEN: 1 UMSATZ CHF 799.00 OKTOBER 2022</AddtlNtryInf></Ntry><Ntry><Amt Ccy="CHF">48.89</Amt><CdtDbtInd>DBIT</CdtDbtInd><RvslInd>false</RvslInd><Sts>BOOK</Sts><BookgDt><Dt>2022-11-01</Dt></BookgDt><ValDt><Dt>2022-11-01</Dt></ValDt><AcctSvcrRef>3052400302102540</AcctSvcrRef><BkTxCd><Domn><Cd>PMNT</Cd><Fmly><Cd>CCRD</Cd><SubFmlyCd>CHRG</SubFmlyCd></Fmly></Domn></BkTxCd><NtryDtls><TxDtls><Refs><AcctSvcrRef>3052400302102540</AcctSvcrRef></Refs><Amt Ccy="CHF">48.89</Amt><CdtDbtInd>DBIT</CdtDbtInd></TxDtls></NtryDtls><AddtlNtryInf>PREIS FÜR E-PAYMENT POSTFINANCE CARD AB CHF 25.01 (EUR 17.01) WWW.MEIN-STEHTISCH.CH ANZAHL TRANSAKTIONEN: 3 UMSATZ CHF 3761.00 OKTOBER 2022</AddtlNtryInf></Ntry><Ntry><Amt Ccy="CHF">0.54</Amt><CdtDbtInd>DBIT</CdtDbtInd><RvslInd>false</RvslInd><Sts>BOOK</Sts><BookgDt><Dt>2022-11-01</Dt></BookgDt><ValDt><Dt>2022-11-01</Dt></ValDt><AcctSvcrRef>3052400302102263</AcctSvcrRef><BkTxCd><Domn><Cd>PMNT</Cd><Fmly><Cd>CCRD</Cd><SubFmlyCd>CHRG</SubFmlyCd></Fmly></Domn></BkTxCd><NtryDtls><TxDtls><Refs><AcctSvcrRef>3052400302102263</AcctSvcrRef></Refs><Amt Ccy="CHF">0.54</Amt><CdtDbtInd>DBIT</CdtDbtInd></TxDtls></NtryDtls><AddtlNtryInf>PREIS FÜR E-PAYMENT POSTFINANCE E-FINANCE AB CHF 25.01 (EUR 17.01) WWW.HAPPYSMELL.CH ANZAHL TRANSAKTIONEN: 1 UMSATZ CHF 41.40 OKTOBER 2022</AddtlNtryInf></Ntry><Ntry><Amt Ccy="CHF">3.60</Amt><CdtDbtInd>DBIT</CdtDbtInd><RvslInd>false</RvslInd><Sts>BOOK</Sts><BookgDt><Dt>2022-11-01</Dt></BookgDt><ValDt><Dt>2022-11-01</Dt></ValDt><AcctSvcrRef>3052400302107123</AcctSvcrRef><BkTxCd><Domn><Cd>PMNT</Cd><Fmly><Cd>CCRD</Cd><SubFmlyCd>CHRG</SubFmlyCd></Fmly></Domn></BkTxCd><NtryDtls><TxDtls><Refs><AcctSvcrRef>3052400302107123</AcctSvcrRef></Refs><Amt Ccy="CHF">3.60</Amt><CdtDbtInd>DBIT</CdtDbtInd></TxDtls></NtryDtls><AddtlNtryInf>PREIS FÜR E-PAYMENT POSTFINANCE CARD AB CHF 25.01 (EUR 17.01) WWW.HAPPYSMELL.CH ANZAHL TRANSAKTIONEN: 4 UMSATZ CHF 276.80 OKTOBER 2022</AddtlNtryInf></Ntry><Ntry><Amt Ccy="CHF">1.56</Amt><CdtDbtInd>DBIT</CdtDbtInd><RvslInd>false</RvslInd><Sts>BOOK</Sts><BookgDt><Dt>2022-11-01</Dt></BookgDt><ValDt><Dt>2022-11-01</Dt></ValDt><AcctSvcrRef>3052400302126306</AcctSvcrRef><BkTxCd><Domn><Cd>PMNT</Cd><Fmly><Cd>CCRD</Cd><SubFmlyCd>CHRG</SubFmlyCd></Fmly></Domn></BkTxCd><NtryDtls><TxDtls><Refs><AcctSvcrRef>3052400302126306</AcctSvcrRef></Refs><Amt Ccy="CHF">1.56</Amt><CdtDbtInd>DBIT</CdtDbtInd></TxDtls></NtryDtls><AddtlNtryInf>PREIS FÜR E-PAYMENT POSTFINANCE CARD AB CHF 25.01 (EUR 17.01) WWW.FERSENSPORN-FREI.CH ANZAHL TRANSAKTIONEN: 2 UMSATZ CHF 119.80 OKTOBER 2022</AddtlNtryInf></Ntry><Ntry><Amt Ccy="CHF">0.65</Amt><CdtDbtInd>DBIT</CdtDbtInd><RvslInd>false</RvslInd><Sts>BOOK</Sts><BookgDt><Dt>2022-11-01</Dt></BookgDt><ValDt><Dt>2022-11-01</Dt></ValDt><AcctSvcrRef>3052400302126566</AcctSvcrRef><BkTxCd><Domn><Cd>PMNT</Cd><Fmly><Cd>CCRD</Cd><SubFmlyCd>CHRG</SubFmlyCd></Fmly></Domn></BkTxCd><NtryDtls><TxDtls><Refs><AcctSvcrRef>3052400302126566</AcctSvcrRef></Refs><Amt Ccy="CHF">0.65</Amt><CdtDbtInd>DBIT</CdtDbtInd></TxDtls></NtryDtls><AddtlNtryInf>PREIS FÜR E-PAYMENT POSTFINANCE CARD AB CHF 25.01 (EUR 17.01) HTTPS://KOPI-LUWAK.CH ANZAHL TRANSAKTIONEN: 1 UMSATZ CHF 49.90 OKTOBER 2022</AddtlNtryInf></Ntry><Ntry><Amt Ccy="CHF">0.32</Amt><CdtDbtInd>DBIT</CdtDbtInd><RvslInd>false</RvslInd><Sts>BOOK</Sts><BookgDt><Dt>2022-11-01</Dt></BookgDt><ValDt><Dt>2022-11-01</Dt></ValDt><AcctSvcrRef>3052400302121753</AcctSvcrRef><BkTxCd><Domn><Cd>PMNT</Cd><Fmly><Cd>CCRD</Cd><SubFmlyCd>CHRG</SubFmlyCd></Fmly></Domn></BkTxCd><NtryDtls><TxDtls><Refs><AcctSvcrRef>3052400302121753</AcctSvcrRef></Refs><Amt Ccy="CHF">0.32</Amt><CdtDbtInd>DBIT</CdtDbtInd></TxDtls></NtryDtls><AddtlNtryInf>PREIS FÜR E-PAYMENT POSTFINANCE E-FINANCE BIS CHF 25.- (EUR 17.-) HTTPS://KNIRSCHFREI.CH ANZAHL TRANSAKTIONEN: 1 UMSATZ CHF 24.90 OKTOBER 2022</AddtlNtryInf></Ntry><Ntry><Amt Ccy="CHF">3.64</Amt><CdtDbtInd>DBIT</CdtDbtInd><RvslInd>false</RvslInd><Sts>BOOK</Sts><BookgDt><Dt>2022-11-01</Dt></BookgDt><ValDt><Dt>2022-11-01</Dt></ValDt><AcctSvcrRef>3052400302122448</AcctSvcrRef><BkTxCd><Domn><Cd>PMNT</Cd><Fmly><Cd>CCRD</Cd><SubFmlyCd>CHRG</SubFmlyCd></Fmly></Domn></BkTxCd><NtryDtls><TxDtls><Refs><AcctSvcrRef>3052400302122448</AcctSvcrRef></Refs><Amt Ccy="CHF">3.64</Amt><CdtDbtInd>DBIT</CdtDbtInd></TxDtls></NtryDtls><AddtlNtryInf>PREIS FÜR E-PAYMENT POSTFINANCE CARD AB CHF 25.01 (EUR 17.01) HTTPS://KNIRSCHFREI.CH ANZAHL TRANSAKTIONEN: 3 UMSATZ CHF 279.70 OKTOBER 2022</AddtlNtryInf></Ntry><Ntry><Amt Ccy="CHF">0.78</Amt><CdtDbtInd>DBIT</CdtDbtInd><RvslInd>false</RvslInd><Sts>BOOK</Sts><BookgDt><Dt>2022-11-01</Dt></BookgDt><ValDt><Dt>2022-11-01</Dt></ValDt><AcctSvcrRef>3052400302109631</AcctSvcrRef><BkTxCd><Domn><Cd>PMNT</Cd><Fmly><Cd>CCRD</Cd><SubFmlyCd>CHRG</SubFmlyCd></Fmly></Domn></BkTxCd><NtryDtls><TxDtls><Refs><AcctSvcrRef>3052400302109631</AcctSvcrRef></Refs><Amt Ccy="CHF">0.78</Amt><CdtDbtInd>DBIT</CdtDbtInd></TxDtls></NtryDtls><AddtlNtryInf>PREIS FÜR E-PAYMENT POSTFINANCE E-FINANCE AB CHF 25.01 (EUR 17.01) WWW.LOEWENHAAR.CH ANZAHL TRANSAKTIONEN: 1 UMSATZ CHF 59.90 OKTOBER 2022</AddtlNtryInf></Ntry><Ntry><Amt Ccy="CHF">6.89</Amt><CdtDbtInd>DBIT</CdtDbtInd><RvslInd>false</RvslInd><Sts>BOOK</Sts><BookgDt><Dt>2022-11-01</Dt></BookgDt><ValDt><Dt>2022-11-01</Dt></ValDt><AcctSvcrRef>3052400302122822</AcctSvcrRef><BkTxCd><Domn><Cd>PMNT</Cd><Fmly><Cd>CCRD</Cd><SubFmlyCd>CHRG</SubFmlyCd></Fmly></Domn></BkTxCd><NtryDtls><TxDtls><Refs><AcctSvcrRef>3052400302122822</AcctSvcrRef></Refs><Amt Ccy="CHF">6.89</Amt><CdtDbtInd>DBIT</CdtDbtInd></TxDtls></NtryDtls><AddtlNtryInf>PREIS FÜR E-PAYMENT POSTFINANCE CARD AB CHF 25.01 (EUR 17.01) HTTPS://WWW.SANACLIP.CH ANZAHL TRANSAKTIONEN: 8 UMSATZ CHF 530.10 OKTOBER 2022</AddtlNtryInf></Ntry><Ntry><Amt Ccy="CHF">1.56</Amt><CdtDbtInd>DBIT</CdtDbtInd><RvslInd>false</RvslInd><Sts>BOOK</Sts><BookgDt><Dt>2022-11-01</Dt></BookgDt><ValDt><Dt>2022-11-01</Dt></ValDt><AcctSvcrRef>3052400302125775</AcctSvcrRef><BkTxCd><Domn><Cd>PMNT</Cd><Fmly><Cd>CCRD</Cd><SubFmlyCd>CHRG</SubFmlyCd></Fmly></Domn></BkTxCd><NtryDtls><TxDtls><Refs><AcctSvcrRef>3052400302125775</AcctSvcrRef></Refs><Amt Ccy="CHF">1.56</Amt><CdtDbtInd>DBIT</CdtDbtInd></TxDtls></NtryDtls><AddtlNtryInf>PREIS FÜR E-PAYMENT POSTFINANCE E-FINANCE AB CHF 25.01 (EUR 17.01) HTTPS://WWW.SANACLIP.CH ANZAHL TRANSAKTIONEN: 2 UMSATZ CHF 119.80 OKTOBER 2022</AddtlNtryInf></Ntry><Ntry><Amt Ccy="CHF">5.38</Amt><CdtDbtInd>DBIT</CdtDbtInd><RvslInd>false</RvslInd><Sts>BOOK</Sts><BookgDt><Dt>2022-11-01</Dt></BookgDt><ValDt><Dt>2022-11-01</Dt></ValDt><AcctSvcrRef>3052400302129765</AcctSvcrRef><BkTxCd><Domn><Cd>PMNT</Cd><Fmly><Cd>CCRD</Cd><SubFmlyCd>CHRG</SubFmlyCd></Fmly></Domn></BkTxCd><NtryDtls><TxDtls><Refs><AcctSvcrRef>3052400302129765</AcctSvcrRef></Refs><Amt Ccy="CHF">5.38</Amt><CdtDbtInd>DBIT</CdtDbtInd></TxDtls></NtryDtls><AddtlNtryInf>PREIS FÜR E-PAYMENT POSTFINANCE CARD AB CHF 25.01 (EUR 17.01) WWW.LOEWENHAAR.CH ANZAHL TRANSAKTIONEN: 5 UMSATZ CHF 414.20 OKTOBER 2022</AddtlNtryInf></Ntry><Ntry><Amt Ccy="CHF">0.65</Amt><CdtDbtInd>DBIT</CdtDbtInd><RvslInd>false</RvslInd><Sts>BOOK</Sts><BookgDt><Dt>2022-11-01</Dt></BookgDt><ValDt><Dt>2022-11-01</Dt></ValDt><AcctSvcrRef>3052400302151051</AcctSvcrRef><BkTxCd><Domn><Cd>PMNT</Cd><Fmly><Cd>CCRD</Cd><SubFmlyCd>CHRG</SubFmlyCd></Fmly></Domn></BkTxCd><NtryDtls><TxDtls><Refs><AcctSvcrRef>3052400302151051</AcctSvcrRef></Refs><Amt Ccy="CHF">0.65</Amt><CdtDbtInd>DBIT</CdtDbtInd></TxDtls></NtryDtls><AddtlNtryInf>PREIS FÜR E-PAYMENT POSTFINANCE CARD AB CHF 25.01 (EUR 17.01) WWW.DENTABRUX.CH ANZAHL TRANSAKTIONEN: 1 UMSATZ CHF 49.90 OKTOBER 2022</AddtlNtryInf></Ntry><Ntry><Amt Ccy="CHF">1.82</Amt><CdtDbtInd>DBIT</CdtDbtInd><RvslInd>false</RvslInd><Sts>BOOK</Sts><BookgDt><Dt>2022-11-01</Dt></BookgDt><ValDt><Dt>2022-11-01</Dt></ValDt><AcctSvcrRef>3052400302255266</AcctSvcrRef><BkTxCd><Domn><Cd>PMNT</Cd><Fmly><Cd>CCRD</Cd><SubFmlyCd>CHRG</SubFmlyCd></Fmly></Domn></BkTxCd><NtryDtls><TxDtls><Refs><AcctSvcrRef>3052400302255266</AcctSvcrRef></Refs><Amt Ccy="CHF">1.82</Amt><CdtDbtInd>DBIT</CdtDbtInd></TxDtls></NtryDtls><AddtlNtryInf>PREIS FÜR E-PAYMENT POSTFINANCE CARD AB CHF 25.01 (EUR 17.01) WWW.NAGELPILZ-ENTFERNEN.CH ANZAHL TRANSAKTIONEN: 1 UMSATZ CHF 139.80 OKTOBER 2022</AddtlNtryInf></Ntry></Stmt></BkToCstmrStmt></Document>
