<?xml version="1.0" encoding="UTF-8"?>
<Document xmlns="urn:iso:std:iso:20022:tech:xsd:camt.054.001.04" xmlns:xsi="http://www.w3.org/2001/XMLSchema-instance" xsi:schemaLocation="urn:iso:std:iso:20022:tech:xsd:camt.054.001.04 camt.054.001.04.xsd"><BkToCstmrDbtCdtNtfctn><GrpHdr><MsgId>20220926375204934235969</MsgId><CreDtTm>2022-09-26T23:43:49</CreDtTm><MsgPgntn><PgNb>1</PgNb><LastPgInd>true</LastPgInd></MsgPgntn><AddtlInf>SPS/1.7/PROD</AddtlInf></GrpHdr><Ntfctn><Id>20220926375204934235972</Id><CreDtTm>2022-09-26T23:43:49</CreDtTm><FrToDt><FrDtTm>2022-09-24T00:00:00</FrDtTm><ToDtTm>2022-09-26T23:59:59</ToDtTm></FrToDt><RptgSrc><Prtry>OTHR</Prtry></RptgSrc><Acct><Id><IBAN>CH9209000000414939852</IBAN></Id><Ownr><Nm>eversmart products Handels GmbH Pfäffikon SZ</Nm></Ownr></Acct><Ntry><NtryRef>CH9530000002414939852</NtryRef><Amt Ccy="CHF">186.00</Amt><CdtDbtInd>CRDT</CdtDbtInd><RvslInd>false</RvslInd><Sts>BOOK</Sts><BookgDt><Dt>2022-09-26</Dt></BookgDt><ValDt><Dt>2022-09-26</Dt></ValDt><AcctSvcrRef>269220009958U6KU</AcctSvcrRef><BkTxCd><Domn><Cd>PMNT</Cd><Fmly><Cd>RCDT</Cd><SubFmlyCd>VCOM</SubFmlyCd></Fmly></Domn></BkTxCd><NtryDtls><Btch><NbOfTxs>3</NbOfTxs></Btch><TxDtls><Refs><AcctSvcrRef>220902CH095NXF6R</AcctSvcrRef><InstrId>20220902000800064090615</InstrId><Prtry><Tp>00</Tp><Ref>20220926375204601392223</Ref></Prtry></Refs><Amt Ccy="CHF">99.80</Amt><CdtDbtInd>CRDT</CdtDbtInd><BkTxCd><Domn><Cd>PMNT</Cd><Fmly><Cd>RCDT</Cd><SubFmlyCd>AUTT</SubFmlyCd></Fmly></Domn></BkTxCd><RltdPties><Dbtr><Nm>Forster M. und Forster-Sieger</Nm><PstlAdr><StrtNm>Landstrasse</StrtNm><BldgNb>74A</BldgNb><PstCd>8197</PstCd><TwnNm>Rafz</TwnNm><Ctry>CH</Ctry></PstlAdr></Dbtr><DbtrAcct><Id><IBAN>CH3009000000170487194</IBAN></Id></DbtrAcct><UltmtDbtr><Nm>Cornelia Forster</Nm><PstlAdr><StrtNm>Landstrasse 74a</StrtNm><PstCd>8197</PstCd><TwnNm>Rafz</TwnNm><Ctry>CH</Ctry></PstlAdr></UltmtDbtr><CdtrAcct><Id><IBAN>CH9530000002414939852</IBAN></Id></CdtrAcct></RltdPties><RltdAgts><DbtrAgt><FinInstnId><BICFI>POFICHBEXXX</BICFI><Nm>POSTFINANCE AG</Nm><PstlAdr><AdrLine>MINGERSTRASSE , 20</AdrLine><AdrLine>3030 BERN</AdrLine></PstlAdr></FinInstnId></DbtrAgt></RltdAgts><RmtInf><Strd><CdtrRefInf><Tp><CdOrPrtry><Prtry>QRR</Prtry></CdOrPrtry></Tp><Ref>000000000000000000000005002</Ref></CdtrRefInf><AddtlRmtInf>?REJECT?0</AddtlRmtInf><AddtlRmtInf>?ERROR?000</AddtlRmtInf><AddtlRmtInf>6806</AddtlRmtInf></Strd></RmtInf><RltdDts><AccptncDtTm>2022-09-26T20:00:00</AccptncDtTm></RltdDts></TxDtls><TxDtls><Refs><AcctSvcrRef>220925CH098V9JAY</AcctSvcrRef><InstrId>20220925000800438855364</InstrId><Prtry><Tp>00</Tp><Ref>20220926375204601449129</Ref></Prtry></Refs><Amt Ccy="CHF">36.30</Amt><CdtDbtInd>CRDT</CdtDbtInd><BkTxCd><Domn><Cd>PMNT</Cd><Fmly><Cd>RCDT</Cd><SubFmlyCd>AUTT</SubFmlyCd></Fmly></Domn></BkTxCd><RltdPties><Dbtr><Nm>Franze Dominique Charlotte</Nm><PstlAdr><StrtNm>Oberwilerstrasse</StrtNm><BldgNb>14</BldgNb><PstCd>8547</PstCd><TwnNm>Gachnang</TwnNm><Ctry>CH</Ctry></PstlAdr></Dbtr><DbtrAcct><Id><IBAN>CH1009000000319096210</IBAN></Id></DbtrAcct><UltmtDbtr><Nm>Dominique Franze</Nm><PstlAdr><StrtNm>Oberwilerstrasse 14</StrtNm><PstCd>8547</PstCd><TwnNm>Gachnang</TwnNm><Ctry>CH</Ctry></PstlAdr></UltmtDbtr><CdtrAcct><Id><IBAN>CH9530000002414939852</IBAN></Id></CdtrAcct></RltdPties><RltdAgts><DbtrAgt><FinInstnId><BICFI>POFICHBEXXX</BICFI><Nm>POSTFINANCE AG</Nm><PstlAdr><AdrLine>MINGERSTRASSE , 20</AdrLine><AdrLine>3030 BERN</AdrLine></PstlAdr></FinInstnId></DbtrAgt></RltdAgts><RmtInf><Strd><CdtrRefInf><Tp><CdOrPrtry><Prtry>QRR</Prtry></CdOrPrtry></Tp><Ref>000000000000000000000005023</Ref></CdtrRefInf><AddtlRmtInf>?REJECT?0</AddtlRmtInf><AddtlRmtInf>?ERROR?000</AddtlRmtInf><AddtlRmtInf>3560</AddtlRmtInf></Strd></RmtInf><RltdDts><AccptncDtTm>2022-09-26T20:00:00</AccptncDtTm></RltdDts></TxDtls><TxDtls><Refs><AcctSvcrRef>220926CH098XXDO0</AcctSvcrRef><InstrId>16917100481/6XXX</InstrId><EndToEndId>NOTPROVIDED</EndToEndId><Prtry><Tp>00</Tp><Ref>20220926375204602363055</Ref></Prtry></Refs><Amt Ccy="CHF">49.90</Amt><CdtDbtInd>CRDT</CdtDbtInd><BkTxCd><Domn><Cd>PMNT</Cd><Fmly><Cd>RCDT</Cd><SubFmlyCd>ATXN</SubFmlyCd></Fmly></Domn></BkTxCd><RltdPties><Dbtr><Nm>Tanja Grest</Nm><PstlAdr><AdrLine>Zuercherstrasse 8</AdrLine><AdrLine>8856 Tuggen</AdrLine></PstlAdr></Dbtr><DbtrAcct><Id><IBAN>CH3680808009480132272</IBAN></Id></DbtrAcct><CdtrAcct><Id><IBAN>CH9530000002414939852</IBAN></Id></CdtrAcct></RltdPties><RltdAgts><DbtrAgt><FinInstnId><ClrSysMmbId><MmbId>81084</MmbId></ClrSysMmbId><Nm>Raiffeisenbank Prättigau-Davos</Nm><PstlAdr><AdrLine>Promenade 74 A</AdrLine><AdrLine>7270 Davos Platz</AdrLine></PstlAdr></FinInstnId></DbtrAgt></RltdAgts><RmtInf><Strd><CdtrRefInf><Tp><CdOrPrtry><Prtry>QRR</Prtry></CdOrPrtry></Tp><Ref>000000000000000000000005441</Ref></CdtrRefInf><AddtlRmtInf>?REJECT?0</AddtlRmtInf><AddtlRmtInf>?ERROR?000</AddtlRmtInf><AddtlRmtInf>6842</AddtlRmtInf></Strd></RmtInf><RltdDts><AccptncDtTm>2022-09-26T20:00:00</AccptncDtTm></RltdDts></TxDtls></NtryDtls><AddtlNtryInf>SAMMELGUTSCHRIFT FÜR KONTO: CH9530000002414939852 VERARBEITUNG VOM 26.09.2022 PAKET ID: 220926CH00000HWL</AddtlNtryInf></Ntry></Ntfctn></BkToCstmrDbtCdtNtfctn></Document>
