<?xml version="1.0" encoding="UTF-8"?>
<Document xmlns="urn:iso:std:iso:20022:tech:xsd:camt.053.001.04" xmlns:xsi="http://www.w3.org/2001/XMLSchema-instance" xsi:schemaLocation="urn:iso:std:iso:20022:tech:xsd:camt.053.001.04 camt.053.001.04.xsd"><BkToCstmrStmt><GrpHdr><MsgId>20220916375204928431706</MsgId><CreDtTm>2022-09-17T01:32:41</CreDtTm><MsgPgntn><PgNb>1</PgNb><LastPgInd>true</LastPgInd></MsgPgntn><AddtlInf>SPS/1.7/PROD</AddtlInf></GrpHdr><Stmt><Id>20220916375204928431720</Id><ElctrncSeqNb>182</ElctrncSeqNb><CreDtTm>2022-09-17T01:32:41</CreDtTm><FrToDt><FrDtTm>2022-09-16T00:00:00</FrDtTm><ToDtTm>2022-09-16T23:59:59</ToDtTm></FrToDt><Acct><Id><IBAN>CH9209000000414939852</IBAN></Id><Ownr><Nm>eversmart products Handels GmbH Pfäffikon SZ</Nm></Ownr></Acct><Bal><Tp><CdOrPrtry><Cd>OPBD</Cd></CdOrPrtry></Tp><Amt Ccy="CHF">124603.52</Amt><CdtDbtInd>CRDT</CdtDbtInd><Dt><Dt>2022-09-16</Dt></Dt></Bal><Bal><Tp><CdOrPrtry><Cd>CLBD</Cd></CdOrPrtry></Tp><Amt Ccy="CHF">101192.25</Amt><CdtDbtInd>CRDT</CdtDbtInd><Dt><Dt>2022-09-16</Dt></Dt></Bal><Bal><Tp><CdOrPrtry><Cd>CLAV</Cd></CdOrPrtry></Tp><Amt Ccy="CHF">101192.25</Amt><CdtDbtInd>CRDT</CdtDbtInd><Dt><Dt>2022-09-16</Dt></Dt></Bal><Ntry><Amt Ccy="CHF">30000.00</Amt><CdtDbtInd>DBIT</CdtDbtInd><RvslInd>false</RvslInd><Sts>BOOK</Sts><BookgDt><Dt>2022-09-16</Dt></BookgDt><ValDt><Dt>2022-09-16</Dt></ValDt><AcctSvcrRef>2592200097M38QRK</AcctSvcrRef><BkTxCd><Domn><Cd>PMNT</Cd><Fmly><Cd>ICDT</Cd><SubFmlyCd>DMCT</SubFmlyCd></Fmly></Domn></BkTxCd><NtryDtls><TxDtls><Refs><AcctSvcrRef>25-659299225-1</AcctSvcrRef><PmtInfId>25:659299225</PmtInfId><InstrId>20220915000800279541305</InstrId></Refs><Amt Ccy="CHF">30000.00</Amt><CdtDbtInd>DBIT</CdtDbtInd><BkTxCd><Domn><Cd>PMNT</Cd><Fmly><Cd>ICDT</Cd><SubFmlyCd>DMCT</SubFmlyCd></Fmly></Domn></BkTxCd><RltdPties><Cdtr><Nm>Godetra AG</Nm><PstlAdr><Ctry>CH</Ctry></PstlAdr></Cdtr><CdtrAcct><Id><IBAN>CH1504835030036301000</IBAN></Id></CdtrAcct></RltdPties><RltdAgts><CdtrAgt><FinInstnId><BICFI>CRESCHZZ80A</BICFI><Nm>Credit Suisse (Schweiz) AG</Nm><PstlAdr><Ctry>CH</Ctry><AdrLine>Paradeplatz 8</AdrLine><AdrLine>8070 Zürich</AdrLine></PstlAdr></FinInstnId></CdtrAgt></RltdAgts><RmtInf><Ustrd>Fulfillment Akonto</Ustrd><Strd><AddtlRmtInf>Fulfillment Akonto</AddtlRmtInf></Strd></RmtInf></TxDtls></NtryDtls><AddtlNtryInf>LASTSCHRIFT CREDIT SUISSE (SCHWEIZ) AG PARADEPLATZ 8 8070 ZÜRICH CH1504835030036301000 GODETRA AG SENDER REFERENZ: FULFILLMENT AKONTO 20220915000800279541305</AddtlNtryInf></Ntry><Ntry><NtryRef>CH9209000000414939852</NtryRef><Amt Ccy="CHF">278.00</Amt><CdtDbtInd>CRDT</CdtDbtInd><RvslInd>false</RvslInd><Sts>BOOK</Sts><BookgDt><Dt>2022-09-16</Dt></BookgDt><ValDt><Dt>2022-09-16</Dt></ValDt><AcctSvcrRef>2592201097OHDRZK</AcctSvcrRef><BkTxCd><Domn><Cd>PMNT</Cd><Fmly><Cd>RCDT</Cd><SubFmlyCd>ATXN</SubFmlyCd></Fmly></Domn></BkTxCd><NtryDtls><Btch><NbOfTxs>1</NbOfTxs></Btch><TxDtls><Refs><AcctSvcrRef>220916CH097OHDRZ</AcctSvcrRef><InstrId>16895116056/4XXX</InstrId><EndToEndId>OLPAYMENTTAN.1.6063</EndToEndId><Prtry><Tp>00</Tp><Ref>220916CH097OHDRZ</Ref></Prtry></Refs><Amt Ccy="CHF">278.00</Amt><CdtDbtInd>CRDT</CdtDbtInd><BkTxCd><Domn><Cd>PMNT</Cd><Fmly><Cd>RCDT</Cd><SubFmlyCd>ATXN</SubFmlyCd></Fmly></Domn></BkTxCd><RltdPties><Dbtr><Nm>Dr. Ihde Dental AG</Nm><PstlAdr><AdrLine>Dorfplatz 11</AdrLine><AdrLine>8737 Gommiswald</AdrLine></PstlAdr></Dbtr><DbtrAcct><Id><IBAN>CH1480808002916116672</IBAN></Id></DbtrAcct><CdtrAcct><Id><IBAN>CH9209000000414939852</IBAN></Id></CdtrAcct></RltdPties><RltdAgts><DbtrAgt><FinInstnId><ClrSysMmbId><MmbId>81256</MmbId></ClrSysMmbId><Nm>Raiffeisenbank Benken</Nm><PstlAdr><AdrLine>Zentrumplatz 1</AdrLine><AdrLine>8717 Benken SG</AdrLine></PstlAdr></FinInstnId></DbtrAgt></RltdAgts><RmtInf><Ustrd>KdNr K081196,01.09.22  RE92497   27</Ustrd><Ustrd>8.00</Ustrd><Strd><AddtlRmtInf>?REJECT?0</AddtlRmtInf><AddtlRmtInf>?ERROR?000</AddtlRmtInf></Strd></RmtInf><RltdDts><AccptncDtTm>2022-09-16T20:00:00</AccptncDtTm></RltdDts></TxDtls></NtryDtls><AddtlNtryInf>GUTSCHRIFT AUFTRAGGEBER: DR. IHDE DENTAL AG DORFPLATZ 11 8737 GOMMISWALD MITTEILUNGEN: KDNR K081196,01.09.22  RE92497   27 8.00 REFERENZEN: OLPAYMENTTAN.1.6063 16895116056/4XXX 220916CH097OHDRZ</AddtlNtryInf></Ntry><Ntry><NtryRef>CH9209000000414939852</NtryRef><Amt Ccy="CHF">3080.82</Amt><CdtDbtInd>CRDT</CdtDbtInd><RvslInd>false</RvslInd><Sts>BOOK</Sts><BookgDt><Dt>2022-09-16</Dt></BookgDt><ValDt><Dt>2022-09-16</Dt></ValDt><AcctSvcrRef>2592200097J93T7K</AcctSvcrRef><BkTxCd><Domn><Cd>PMNT</Cd><Fmly><Cd>RCDT</Cd><SubFmlyCd>AUTT</SubFmlyCd></Fmly></Domn></BkTxCd><NtryDtls><Btch><NbOfTxs>1</NbOfTxs></Btch><TxDtls><Refs><MsgId>TWINT20220914-101-Merchant</MsgId><AcctSvcrRef>220915CH097J93T7</AcctSvcrRef><PmtInfId>TWINT20220914-101-Merchant-B1</PmtInfId><InstrId>9f7c826f0751404e941c883c8a3603ff</InstrId><EndToEndId>TWINT20220914-101-Merchant-B1</EndToEndId><Prtry><Tp>00</Tp><Ref>220915CH097J93T7</Ref></Prtry></Refs><Amt Ccy="CHF">3080.82</Amt><CdtDbtInd>CRDT</CdtDbtInd><BkTxCd><Domn><Cd>PMNT</Cd><Fmly><Cd>RCDT</Cd><SubFmlyCd>AUTT</SubFmlyCd></Fmly></Domn></BkTxCd><RltdPties><Dbtr><Nm>TWINT Acquiring AG</Nm><PstlAdr><StrtNm>Stauffacherstrasse</StrtNm><BldgNb>41</BldgNb><PstCd>8004</PstCd><TwnNm>Zürich</TwnNm><Ctry>CH</Ctry></PstlAdr></Dbtr><DbtrAcct><Id><IBAN>CH6609000000313087410</IBAN></Id></DbtrAcct><CdtrAcct><Id><IBAN>CH9209000000414939852</IBAN></Id></CdtrAcct></RltdPties><RltdAgts><DbtrAgt><FinInstnId><BICFI>POFICHBEXXX</BICFI><Nm>POSTFINANCE AG</Nm><PstlAdr><AdrLine>MINGERSTRASSE , 20</AdrLine><AdrLine>3030 BERN</AdrLine></PstlAdr></FinInstnId></DbtrAgt></RltdAgts><RmtInf><Ustrd>999999 TWINT TWINT Auszahlungen Pay</Ustrd><Ustrd>out 20220915                       </Ustrd><Ustrd>   Gross: 3121.42 Fees: -40.60</Ustrd><Strd><AddtlRmtInf>?REJECT?0</AddtlRmtInf><AddtlRmtInf>?ERROR?000</AddtlRmtInf></Strd></RmtInf><RltdDts><AccptncDtTm>2022-09-16T20:00:00</AccptncDtTm></RltdDts></TxDtls></NtryDtls><AddtlNtryInf>GUTSCHRIFT CH6609000000313087410 ABSENDER: TWINT ACQUIRING AG STAUFFACHERSTRASSE 41 8004 ZÜRICH MITTEILUNGEN: 999999 TWINT TWINT AUSZAHLUNGEN PAY OUT 20220915                           GROSS: 3121.42 FEES: -40.60 REFERENZEN: TWINT20220914-101-MERCHANT-B1</AddtlNtryInf></Ntry><Ntry><NtryRef>CH9209000000414939852</NtryRef><Amt Ccy="CHF">225.07</Amt><CdtDbtInd>CRDT</CdtDbtInd><RvslInd>false</RvslInd><Sts>BOOK</Sts><BookgDt><Dt>2022-09-16</Dt></BookgDt><ValDt><Dt>2022-09-16</Dt></ValDt><AcctSvcrRef>2592201097PQ9L2K</AcctSvcrRef><BkTxCd><Domn><Cd>PMNT</Cd><Fmly><Cd>RCDT</Cd><SubFmlyCd>ATXN</SubFmlyCd></Fmly></Domn></BkTxCd><NtryDtls><Btch><NbOfTxs>1</NbOfTxs></Btch><TxDtls><Refs><AcctSvcrRef>220916CH097PQ9L2</AcctSvcrRef><InstrId>LON03248742255</InstrId><EndToEndId>NOTPROVIDED</EndToEndId><Prtry><Tp>00</Tp><Ref>220916CH097PQ9L2</Ref></Prtry></Refs><Amt Ccy="CHF">225.07</Amt><CdtDbtInd>CRDT</CdtDbtInd><BkTxCd><Domn><Cd>PMNT</Cd><Fmly><Cd>RCDT</Cd><SubFmlyCd>ATXN</SubFmlyCd></Fmly></Domn></BkTxCd><RltdPties><Dbtr><Nm>STRIPE PAYMENTS UK LTD</Nm><PstlAdr><AdrLine>9TH FLOOR, 107 CHEAPSIDE GB - LONDO</AdrLine><AdrLine>N EC2V 6DN</AdrLine></PstlAdr></Dbtr><DbtrAcct><Id><IBAN>DK6289000000010375</IBAN></Id></DbtrAcct><CdtrAcct><Id><IBAN>CH9209000000414939852</IBAN></Id></CdtrAcct></RltdPties><RltdAgts><DbtrAgt><FinInstnId><BICFI>CITIGB2LXXX</BICFI><Nm>CITIBANK N.A.</Nm><PstlAdr><AdrLine>CITIBANK CENTRE25 CANADA SQUARE</AdrLine><AdrLine>E14 5LB LONDON</AdrLine></PstlAdr></FinInstnId></DbtrAgt></RltdAgts><RmtInf><Ustrd>STRIPE Q7D6Z1</Ustrd><Strd><AddtlRmtInf>?REJECT?0</AddtlRmtInf><AddtlRmtInf>?ERROR?000</AddtlRmtInf></Strd></RmtInf><RltdDts><AccptncDtTm>2022-09-16T20:00:00</AccptncDtTm></RltdDts></TxDtls></NtryDtls><AddtlNtryInf>GUTSCHRIFT AUFTRAGGEBER: STRIPE PAYMENTS UK LTD 9TH FLOOR, 107 CHEAPSIDE GB - LONDO N EC2V 6DN MITTEILUNGEN: STRIPE Q7D6Z1 SPESENBETRAG 0.00 CHF SHA REFERENZEN: NOTPROVIDED LON03248742255 220916CH097PQ9L2</AddtlNtryInf></Ntry><Ntry><NtryRef>CH9209000000414939852</NtryRef><Amt Ccy="CHF">49.90</Amt><CdtDbtInd>CRDT</CdtDbtInd><RvslInd>false</RvslInd><Sts>BOOK</Sts><BookgDt><Dt>2022-09-16</Dt></BookgDt><ValDt><Dt>2022-09-16</Dt></ValDt><AcctSvcrRef>2592201097RWM35K</AcctSvcrRef><BkTxCd><Domn><Cd>PMNT</Cd><Fmly><Cd>RCDT</Cd><SubFmlyCd>ATXN</SubFmlyCd></Fmly></Domn></BkTxCd><NtryDtls><Btch><NbOfTxs>1</NbOfTxs></Btch><TxDtls><Refs><AcctSvcrRef>220916CH097RWM35</AcctSvcrRef><InstrId>16896608120/4XXX</InstrId><EndToEndId>NOTPROVIDED</EndToEndId><Prtry><Tp>00</Tp><Ref>220916CH097RWM35</Ref></Prtry></Refs><Amt Ccy="CHF">49.90</Amt><CdtDbtInd>CRDT</CdtDbtInd><BkTxCd><Domn><Cd>PMNT</Cd><Fmly><Cd>RCDT</Cd><SubFmlyCd>ATXN</SubFmlyCd></Fmly></Domn></BkTxCd><RltdPties><Dbtr><Nm>Barbara Zwahlen</Nm><PstlAdr><AdrLine>Morillonstrasse 8</AdrLine><AdrLine>3007 Bern</AdrLine></PstlAdr></Dbtr><DbtrAcct><Id><IBAN>CH0280808007510294326</IBAN></Id></DbtrAcct><CdtrAcct><Id><IBAN>CH9209000000414939852</IBAN></Id></CdtrAcct></RltdPties><RltdAgts><DbtrAgt><FinInstnId><ClrSysMmbId><MmbId>81045</MmbId></ClrSysMmbId><Nm>Raiffeisenbank Bündner Rheintal</Nm><PstlAdr><AdrLine>Bahnhofplatz 6</AdrLine><AdrLine>7001 Chur</AdrLine></PstlAdr></FinInstnId></DbtrAgt></RltdAgts><RmtInf><Ustrd>Rechnung RE-92564 (Dentabrux.ch 409</Ustrd><Ustrd>6)</Ustrd><Strd><AddtlRmtInf>?REJECT?0</AddtlRmtInf><AddtlRmtInf>?ERROR?000</AddtlRmtInf></Strd></RmtInf><RltdDts><AccptncDtTm>2022-09-16T20:00:00</AccptncDtTm></RltdDts></TxDtls></NtryDtls><AddtlNtryInf>GUTSCHRIFT AUFTRAGGEBER: BARBARA ZWAHLEN MORILLONSTRASSE 8 3007 BERN MITTEILUNGEN: RECHNUNG RE-92564 (DENTABRUX.CH 409 6) REFERENZEN: NOTPROVIDED 16896608120/4XXX 220916CH097RWM35</AddtlNtryInf></Ntry><Ntry><NtryRef>CH4330000001414939852</NtryRef><Amt Ccy="CHF">2842.14</Amt><CdtDbtInd>CRDT</CdtDbtInd><RvslInd>false</RvslInd><Sts>BOOK</Sts><BookgDt><Dt>2022-09-16</Dt></BookgDt><ValDt><Dt>2022-09-16</Dt></ValDt><AcctSvcrRef>2592200097TLFTHU</AcctSvcrRef><BkTxCd><Domn><Cd>PMNT</Cd><Fmly><Cd>RCDT</Cd><SubFmlyCd>VCOM</SubFmlyCd></Fmly></Domn></BkTxCd><Chrgs><TtlChrgsAndTaxAmt Ccy="CHF">6.30</TtlChrgsAndTaxAmt><Rcrd><Amt Ccy="CHF">6.30</Amt><CdtDbtInd>DBIT</CdtDbtInd><ChrgInclInd>false</ChrgInclInd><Tp><Prtry><Id>2</Id></Prtry></Tp></Rcrd></Chrgs><NtryDtls><TxDtls><Refs><AcctSvcrRef>2592200097TLFTHU</AcctSvcrRef></Refs><Amt Ccy="CHF">2842.14</Amt><CdtDbtInd>CRDT</CdtDbtInd></TxDtls></NtryDtls><AddtlNtryInf>SAMMELGUTSCHRIFT FÜR KONTO: CH4330000001414939852 VERARBEITUNG VOM 16.09.2022 PAKET ID: 220916CH000006ZC</AddtlNtryInf></Ntry><Ntry><Amt Ccy="CHF">45.80</Amt><CdtDbtInd>CRDT</CdtDbtInd><RvslInd>false</RvslInd><Sts>BOOK</Sts><BookgDt><Dt>2022-09-16</Dt></BookgDt><ValDt><Dt>2022-09-16</Dt></ValDt><AcctSvcrRef>2592400225613250</AcctSvcrRef><BkTxCd><Domn><Cd>PMNT</Cd><Fmly><Cd>MCRD</Cd><SubFmlyCd>POSP</SubFmlyCd></Fmly></Domn></BkTxCd><NtryDtls><TxDtls><Refs><AcctSvcrRef>2592400225613250</AcctSvcrRef></Refs><Amt Ccy="CHF">45.80</Amt><CdtDbtInd>CRDT</CdtDbtInd></TxDtls></NtryDtls><AddtlNtryInf>GUTSCHRIFT E-PAYMENT-TRANSAKTIONEN POSTFINANCE CARD EINLIEFERUNG VOM 15.09.2022 EVERSMART PRODUCTS HANDELS GMBH PFAQ08RY0000001 WWW.ROADTRIP77.CH</AddtlNtryInf></Ntry><Ntry><Amt Ccy="CHF">67.00</Amt><CdtDbtInd>CRDT</CdtDbtInd><RvslInd>false</RvslInd><Sts>BOOK</Sts><BookgDt><Dt>2022-09-16</Dt></BookgDt><ValDt><Dt>2022-09-16</Dt></ValDt><AcctSvcrRef>2592400225613282</AcctSvcrRef><BkTxCd><Domn><Cd>PMNT</Cd><Fmly><Cd>MCRD</Cd><SubFmlyCd>POSP</SubFmlyCd></Fmly></Domn></BkTxCd><NtryDtls><TxDtls><Refs><AcctSvcrRef>2592400225613282</AcctSvcrRef></Refs><Amt Ccy="CHF">67.00</Amt><CdtDbtInd>CRDT</CdtDbtInd></TxDtls></NtryDtls><AddtlNtryInf>GUTSCHRIFT E-PAYMENT-TRANSAKTIONEN POSTFINANCE CARD EINLIEFERUNG VOM 15.09.2022 EVERSMART PRODUCTS HANDELS GMBH PFAQ08RZ0000001 WWW.HAPPYSMELL.CH</AddtlNtryInf></Ntry></Stmt></BkToCstmrStmt></Document>
