<?xml version="1.0" encoding="UTF-8"?>
<Document xmlns="urn:iso:std:iso:20022:tech:xsd:camt.054.001.04" xmlns:xsi="http://www.w3.org/2001/XMLSchema-instance" xsi:schemaLocation="urn:iso:std:iso:20022:tech:xsd:camt.054.001.04 camt.054.001.04.xsd"><BkToCstmrDbtCdtNtfctn><GrpHdr><MsgId>20221004375204944363136</MsgId><CreDtTm>2022-10-04T23:37:18</CreDtTm><MsgPgntn><PgNb>1</PgNb><LastPgInd>true</LastPgInd></MsgPgntn><AddtlInf>SPS/1.7/PROD</AddtlInf></GrpHdr><Ntfctn><Id>20221004375204944363138</Id><CreDtTm>2022-10-04T23:37:18</CreDtTm><FrToDt><FrDtTm>2022-10-04T00:00:00</FrDtTm><ToDtTm>2022-10-04T23:59:59</ToDtTm></FrToDt><RptgSrc><Prtry>OTHR</Prtry></RptgSrc><Acct><Id><IBAN>CH9209000000414939852</IBAN></Id><Ownr><Nm>eversmart products Handels GmbH Pfäffikon SZ</Nm></Ownr></Acct><Ntry><NtryRef>CH9530000002414939852</NtryRef><Amt Ccy="CHF">89.80</Amt><CdtDbtInd>CRDT</CdtDbtInd><RvslInd>false</RvslInd><Sts>BOOK</Sts><BookgDt><Dt>2022-10-04</Dt></BookgDt><ValDt><Dt>2022-10-04</Dt></ValDt><AcctSvcrRef>277220009APYJJZU</AcctSvcrRef><BkTxCd><Domn><Cd>PMNT</Cd><Fmly><Cd>RCDT</Cd><SubFmlyCd>VCOM</SubFmlyCd></Fmly></Domn></BkTxCd><NtryDtls><Btch><NbOfTxs>2</NbOfTxs></Btch><TxDtls><Refs><AcctSvcrRef>221004CH09AJIFWC</AcctSvcrRef><InstrId>DNXV221003C31287</InstrId><EndToEndId>SP-83719592-0</EndToEndId><Prtry><Tp>00</Tp><Ref>20221004375204617325146</Ref></Prtry></Refs><Amt Ccy="CHF">29.90</Amt><CdtDbtInd>CRDT</CdtDbtInd><BkTxCd><Domn><Cd>PMNT</Cd><Fmly><Cd>RCDT</Cd><SubFmlyCd>ATXN</SubFmlyCd></Fmly></Domn></BkTxCd><RltdPties><Dbtr><Nm>Peter Schaffner</Nm><PstlAdr><StrtNm>Oele</StrtNm><BldgNb>10</BldgNb><PstCd>5034</PstCd><TwnNm>Suhr</TwnNm><Ctry>CH</Ctry></PstlAdr></Dbtr><DbtrAcct><Id><IBAN>CH3704835096464080000</IBAN></Id></DbtrAcct><UltmtDbtr><Nm>Peter Schaffner</Nm><PstlAdr><AdrLine>Oele 10</AdrLine><AdrLine>5034 Suhr</AdrLine></PstlAdr></UltmtDbtr><CdtrAcct><Id><IBAN>CH9530000002414939852</IBAN></Id></CdtrAcct></RltdPties><RltdAgts><DbtrAgt><FinInstnId><ClrSysMmbId><MmbId>4835</MmbId></ClrSysMmbId><Nm>Credit Suisse (Schweiz) AG</Nm><PstlAdr><AdrLine>Paradeplatz 8</AdrLine><AdrLine>8070 Zürich</AdrLine></PstlAdr></FinInstnId></DbtrAgt></RltdAgts><RmtInf><Strd><CdtrRefInf><Tp><CdOrPrtry><Prtry>QRR</Prtry></CdOrPrtry></Tp><Ref>000000000000000000000005299</Ref></CdtrRefInf><AddtlRmtInf>?REJECT?0</AddtlRmtInf><AddtlRmtInf>?ERROR?000</AddtlRmtInf><AddtlRmtInf>6828</AddtlRmtInf></Strd></RmtInf><RltdDts><AccptncDtTm>2022-10-04T20:00:00</AccptncDtTm></RltdDts></TxDtls><TxDtls><Refs><AcctSvcrRef>221004CH09ANVQZQ</AcctSvcrRef><InstrId>21004263079.0001</InstrId><EndToEndId>NOTPROVIDED</EndToEndId><Prtry><Tp>00</Tp><Ref>20221004375204618555229</Ref></Prtry></Refs><Amt Ccy="CHF">59.90</Amt><CdtDbtInd>CRDT</CdtDbtInd><BkTxCd><Domn><Cd>PMNT</Cd><Fmly><Cd>RCDT</Cd><SubFmlyCd>ATXN</SubFmlyCd></Fmly></Domn></BkTxCd><RltdPties><Dbtr><Nm>Priel-Wilhelm Gabriele</Nm><PstlAdr><StrtNm>Rosenweg</StrtNm><BldgNb>2</BldgNb><PstCd>3063</PstCd><TwnNm>Ittigen</TwnNm><Ctry>CH</Ctry></PstlAdr></Dbtr><DbtrAcct><Id><IBAN>CH6700768250107326304</IBAN></Id></DbtrAcct><CdtrAcct><Id><IBAN>CH9530000002414939852</IBAN></Id></CdtrAcct></RltdPties><RltdAgts><DbtrAgt><FinInstnId><ClrSysMmbId><MmbId>768</MmbId></ClrSysMmbId><Nm>Banque Cantonale de Fribourg</Nm><PstlAdr><AdrLine>Bd de Pérolles 1</AdrLine><AdrLine>1701 Fribourg</AdrLine></PstlAdr></FinInstnId></DbtrAgt></RltdAgts><RmtInf><Strd><CdtrRefInf><Tp><CdOrPrtry><Prtry>QRR</Prtry></CdOrPrtry></Tp><Ref>000000000000000000000005729</Ref></CdtrRefInf><AddtlRmtInf>?REJECT?0</AddtlRmtInf><AddtlRmtInf>?ERROR?000</AddtlRmtInf></Strd></RmtInf><RltdDts><AccptncDtTm>2022-10-04T20:00:00</AccptncDtTm></RltdDts></TxDtls></NtryDtls><AddtlNtryInf>SAMMELGUTSCHRIFT FÜR KONTO: CH9530000002414939852 VERARBEITUNG VOM 04.10.2022 PAKET ID: 221004CH00000C6N</AddtlNtryInf></Ntry></Ntfctn></BkToCstmrDbtCdtNtfctn></Document>
